%YAML 1.1
%TAG !u! tag:unity3d.com,2011:
--- !u!1001 &100100000
Prefab:
  m_ObjectHideFlags: 1
  serializedVersion: 2
  m_Modification:
    m_TransformParent: {fileID: 0}
    m_Modifications: []
    m_RemovedComponents: []
  m_ParentPrefab: {fileID: 0}
  m_RootGameObject: {fileID: 1275381494668660}
  m_IsPrefabParent: 1
--- !u!1 &1273628861236834
GameObject:
  m_ObjectHideFlags: 0
  m_PrefabParentObject: {fileID: 0}
  m_PrefabInternal: {fileID: 100100000}
  serializedVersion: 5
  m_Component:
  - component: {fileID: 4344665364155832}
  - component: {fileID: 114338595838737280}
  m_Layer: 0
  m_Name: Trigger
  m_TagString: Untagged
  m_Icon: {fileID: 0}
  m_NavMeshLayer: 0
  m_StaticEditorFlags: 0
  m_IsActive: 1
--- !u!1 &1275381494668660
GameObject:
  m_ObjectHideFlags: 0
  m_PrefabParentObject: {fileID: 0}
  m_PrefabInternal: {fileID: 100100000}
  serializedVersion: 5
  m_Component:
  - component: {fileID: 4210659446716414}
  - component: {fileID: 54109371128447622}
  - component: {fileID: 114510728151128542}
  m_Layer: 0
  m_Name: WPN_UMP
  m_TagString: Untagged
  m_Icon: {fileID: 0}
  m_NavMeshLayer: 0
  m_StaticEditorFlags: 0
  m_IsActive: 1
--- !u!1 &1301047962177140
GameObject:
  m_ObjectHideFlags: 0
  m_PrefabParentObject: {fileID: 0}
  m_PrefabInternal: {fileID: 100100000}
  serializedVersion: 5
  m_Component:
  - component: {fileID: 4485877718161656}
  - component: {fileID: 114790800724146864}
  m_Layer: 0
  m_Name: Second Held Collider
  m_TagString: Untagged
  m_Icon: {fileID: 0}
  m_NavMeshLayer: 0
  m_StaticEditorFlags: 0
  m_IsActive: 1
--- !u!1 &1410871592959290
GameObject:
  m_ObjectHideFlags: 0
  m_PrefabParentObject: {fileID: 0}
  m_PrefabInternal: {fileID: 100100000}
  serializedVersion: 5
  m_Component:
  - component: {fileID: 4302807806679868}
  - component: {fileID: 114061976734960188}
  m_Layer: 0
  m_Name: VRGunHandler
  m_TagString: Untagged
  m_Icon: {fileID: 0}
  m_NavMeshLayer: 0
  m_StaticEditorFlags: 0
  m_IsActive: 1
--- !u!1 &1413897948996498
GameObject:
  m_ObjectHideFlags: 0
  m_PrefabParentObject: {fileID: 0}
  m_PrefabInternal: {fileID: 100100000}
  serializedVersion: 5
  m_Component:
  - component: {fileID: 4852440572504646}
  - component: {fileID: 111990234366685358}
  m_Layer: 0
  m_Name: BoltAnim
  m_TagString: Untagged
  m_Icon: {fileID: 0}
  m_NavMeshLayer: 0
  m_StaticEditorFlags: 0
  m_IsActive: 1
--- !u!1 &1529357268235830
GameObject:
  m_ObjectHideFlags: 1
  m_PrefabParentObject: {fileID: 0}
  m_PrefabInternal: {fileID: 100100000}
  serializedVersion: 5
  m_Component:
  - component: {fileID: 4150465818475972}
  - component: {fileID: 33667882767798498}
  - component: {fileID: 23556378359176126}
  m_Layer: 0
  m_Name: WPN_UMP_bolt
  m_TagString: Untagged
  m_Icon: {fileID: 0}
  m_NavMeshLayer: 0
  m_StaticEditorFlags: 0
  m_IsActive: 1
--- !u!1 &1537509912733814
GameObject:
  m_ObjectHideFlags: 1
  m_PrefabParentObject: {fileID: 0}
  m_PrefabInternal: {fileID: 100100000}
  serializedVersion: 5
  m_Component:
  - component: {fileID: 4350207296859730}
  - component: {fileID: 65584566243458028}
  - component: {fileID: 114730591619056358}
  m_Layer: 0
  m_Name: Collider
  m_TagString: Untagged
  m_Icon: {fileID: 0}
  m_NavMeshLayer: 0
  m_StaticEditorFlags: 0
  m_IsActive: 1
--- !u!1 &1577141670433946
GameObject:
  m_ObjectHideFlags: 0
  m_PrefabParentObject: {fileID: 0}
  m_PrefabInternal: {fileID: 100100000}
  serializedVersion: 5
  m_Component:
  - component: {fileID: 4718683275968374}
  - component: {fileID: 33882597206287024}
  - component: {fileID: 23027746491285130}
  m_Layer: 0
  m_Name: WPN_UMP
  m_TagString: Untagged
  m_Icon: {fileID: 0}
  m_NavMeshLayer: 0
  m_StaticEditorFlags: 0
  m_IsActive: 1
--- !u!1 &1626304842703486
GameObject:
  m_ObjectHideFlags: 1
  m_PrefabParentObject: {fileID: 0}
  m_PrefabInternal: {fileID: 100100000}
  serializedVersion: 5
  m_Component:
  - component: {fileID: 4053707261624250}
  - component: {fileID: 33571210122952206}
  - component: {fileID: 23463668754880524}
  m_Layer: 0
  m_Name: WPN_UMP_trigger
  m_TagString: Untagged
  m_Icon: {fileID: 0}
  m_NavMeshLayer: 0
  m_StaticEditorFlags: 0
  m_IsActive: 1
--- !u!1 &1651095308124848
GameObject:
  m_ObjectHideFlags: 0
  m_PrefabParentObject: {fileID: 0}
  m_PrefabInternal: {fileID: 100100000}
  serializedVersion: 5
  m_Component:
  - component: {fileID: 4564632464139832}
  m_Layer: 0
  m_Name: Collision
  m_TagString: Untagged
  m_Icon: {fileID: 0}
  m_NavMeshLayer: 0
  m_StaticEditorFlags: 0
  m_IsActive: 1
--- !u!1 &1799291432754518
GameObject:
  m_ObjectHideFlags: 0
  m_PrefabParentObject: {fileID: 0}
  m_PrefabInternal: {fileID: 100100000}
  serializedVersion: 5
  m_Component:
  - component: {fileID: 4690160133156598}
  - component: {fileID: 33377134687053994}
  - component: {fileID: 23510683450303612}
  m_Layer: 0
  m_Name: WPN_UMP_foregrip
  m_TagString: Untagged
  m_Icon: {fileID: 0}
  m_NavMeshLayer: 0
  m_StaticEditorFlags: 0
  m_IsActive: 1
--- !u!1 &1804808070908642
GameObject:
  m_ObjectHideFlags: 0
  m_PrefabParentObject: {fileID: 0}
  m_PrefabInternal: {fileID: 100100000}
  serializedVersion: 5
  m_Component:
  - component: {fileID: 4033248860624104}
  - component: {fileID: 114203472963745452}
  - component: {fileID: 65439734700878128}
  m_Layer: 0
  m_Name: Attachment Receiver
  m_TagString: Untagged
  m_Icon: {fileID: 0}
  m_NavMeshLayer: 0
  m_StaticEditorFlags: 0
  m_IsActive: 1
--- !u!1 &1880739134706266
GameObject:
  m_ObjectHideFlags: 1
  m_PrefabParentObject: {fileID: 0}
  m_PrefabInternal: {fileID: 100100000}
  serializedVersion: 5
  m_Component:
  - component: {fileID: 4946346965269934}
  - component: {fileID: 65769559406445030}
  - component: {fileID: 114825450827998374}
  m_Layer: 0
  m_Name: Collider
  m_TagString: Untagged
  m_Icon: {fileID: 0}
  m_NavMeshLayer: 0
  m_StaticEditorFlags: 0
  m_IsActive: 1
--- !u!1 &1919460541635700
GameObject:
  m_ObjectHideFlags: 1
  m_PrefabParentObject: {fileID: 0}
  m_PrefabInternal: {fileID: 100100000}
  serializedVersion: 5
  m_Component:
  - component: {fileID: 4291809159273758}
  - component: {fileID: 33524271652306750}
  - component: {fileID: 23837380690765504}
  m_Layer: 0
  m_Name: WPN_UMP_charging_handle
  m_TagString: Untagged
  m_Icon: {fileID: 0}
  m_NavMeshLayer: 0
  m_StaticEditorFlags: 0
  m_IsActive: 1
--- !u!1 &1934051753488480
GameObject:
  m_ObjectHideFlags: 0
  m_PrefabParentObject: {fileID: 0}
  m_PrefabInternal: {fileID: 100100000}
  serializedVersion: 5
  m_Component:
  - component: {fileID: 4535346602132176}
  - component: {fileID: 114386081251014224}
  m_Layer: 0
  m_Name: Slide
  m_TagString: Untagged
  m_Icon: {fileID: 0}
  m_NavMeshLayer: 0
  m_StaticEditorFlags: 0
  m_IsActive: 1
--- !u!1 &1988098117820064
GameObject:
  m_ObjectHideFlags: 1
  m_PrefabParentObject: {fileID: 0}
  m_PrefabInternal: {fileID: 100100000}
  serializedVersion: 5
  m_Component:
  - component: {fileID: 4061925177263800}
  - component: {fileID: 65758798491803132}
  - component: {fileID: 114346910922008938}
  m_Layer: 0
  m_Name: Collider
  m_TagString: Untagged
  m_Icon: {fileID: 0}
  m_NavMeshLayer: 0
  m_StaticEditorFlags: 0
  m_IsActive: 1
--- !u!1 &1992548318483202
GameObject:
  m_ObjectHideFlags: 0
  m_PrefabParentObject: {fileID: 0}
  m_PrefabInternal: {fileID: 100100000}
  serializedVersion: 5
  m_Component:
  - component: {fileID: 4060412171570158}
  - component: {fileID: 33637255531882780}
  - component: {fileID: 23476557701411286}
  m_Layer: 0
  m_Name: WPN_UMP_fire_switch
  m_TagString: Untagged
  m_Icon: {fileID: 0}
  m_NavMeshLayer: 0
  m_StaticEditorFlags: 0
  m_IsActive: 1
--- !u!4 &4033248860624104
Transform:
  m_ObjectHideFlags: 1
  m_PrefabParentObject: {fileID: 0}
  m_PrefabInternal: {fileID: 100100000}
  m_GameObject: {fileID: 1804808070908642}
  m_LocalRotation: {x: 0, y: 0, z: 0, w: 1}
  m_LocalPosition: {x: -0.00000003352762, y: -0.038, z: 0.065163}
  m_LocalScale: {x: 0.02227425, y: 0.048956662, z: 0.023248503}
  m_Children: []
  m_Father: {fileID: 4210659446716414}
  m_RootOrder: 8
  m_LocalEulerAnglesHint: {x: 0, y: 0, z: 0}
--- !u!4 &4053707261624250
Transform:
  m_ObjectHideFlags: 1
  m_PrefabParentObject: {fileID: 0}
  m_PrefabInternal: {fileID: 100100000}
  m_GameObject: {fileID: 1626304842703486}
  m_LocalRotation: {x: 0, y: 0, z: 0, w: 1}
  m_LocalPosition: {x: 0, y: 0, z: 0}
  m_LocalScale: {x: 1, y: 1.0000005, z: 1.0000005}
  m_Children: []
  m_Father: {fileID: 4344665364155832}
  m_RootOrder: 0
  m_LocalEulerAnglesHint: {x: 0, y: 0, z: 0}
--- !u!4 &4060412171570158
Transform:
  m_ObjectHideFlags: 1
  m_PrefabParentObject: {fileID: 0}
  m_PrefabInternal: {fileID: 100100000}
  m_GameObject: {fileID: 1992548318483202}
  m_LocalRotation: {x: -0.7071068, y: 0, z: -0, w: 0.7071068}
  m_LocalPosition: {x: -0.000000022185086, y: 0.016800076, z: -0.06143698}
  m_LocalScale: {x: 1, y: 1, z: 1}
  m_Children: []
  m_Father: {fileID: 4210659446716414}
  m_RootOrder: 2
  m_LocalEulerAnglesHint: {x: 0, y: 0, z: 0}
--- !u!4 &4061925177263800
Transform:
  m_ObjectHideFlags: 1
  m_PrefabParentObject: {fileID: 0}
  m_PrefabInternal: {fileID: 100100000}
  m_GameObject: {fileID: 1988098117820064}
  m_LocalRotation: {x: 0.24736318, y: -0, z: -0, w: 0.9689229}
  m_LocalPosition: {x: 0, y: -0.0483, z: -0.2403}
  m_LocalScale: {x: 0.60933, y: 0.59506, z: 0.08450363}
  m_Children: []
  m_Father: {fileID: 4564632464139832}
  m_RootOrder: 2
  m_LocalEulerAnglesHint: {x: 28.643002, y: 0, z: 0}
--- !u!4 &4150465818475972
Transform:
  m_ObjectHideFlags: 1
  m_PrefabParentObject: {fileID: 0}
  m_PrefabInternal: {fileID: 100100000}
  m_GameObject: {fileID: 1529357268235830}
  m_LocalRotation: {x: -0, y: -0, z: -0, w: 1}
  m_LocalPosition: {x: 0, y: 0, z: 0}
  m_LocalScale: {x: 1, y: 1, z: 1}
  m_Children: []
  m_Father: {fileID: 4852440572504646}
  m_RootOrder: 0
  m_LocalEulerAnglesHint: {x: 0, y: 0, z: 0}
--- !u!4 &4210659446716414
Transform:
  m_ObjectHideFlags: 1
  m_PrefabParentObject: {fileID: 0}
  m_PrefabInternal: {fileID: 100100000}
  m_GameObject: {fileID: 1275381494668660}
  m_LocalRotation: {x: -0, y: -0.7071068, z: -0, w: 0.7071068}
  m_LocalPosition: {x: -0.16800004, y: 0.33679998, z: 0.07188743}
  m_LocalScale: {x: 1.000004, y: 1, z: 1.000004}
  m_Children:
  - {fileID: 4718683275968374}
  - {fileID: 4852440572504646}
  - {fileID: 4060412171570158}
  - {fileID: 4690160133156598}
  - {fileID: 4302807806679868}
  - {fileID: 4344665364155832}
  - {fileID: 4564632464139832}
  - {fileID: 4485877718161656}
  - {fileID: 4033248860624104}
  - {fileID: 4535346602132176}
  m_Father: {fileID: 0}
  m_RootOrder: 0
  m_LocalEulerAnglesHint: {x: 0, y: -90, z: 0}
--- !u!4 &4291809159273758
Transform:
  m_ObjectHideFlags: 1
  m_PrefabParentObject: {fileID: 0}
  m_PrefabInternal: {fileID: 100100000}
  m_GameObject: {fileID: 1919460541635700}
  m_LocalRotation: {x: 0, y: 0, z: 0, w: 1}
  m_LocalPosition: {x: 0, y: 0, z: 0}
  m_LocalScale: {x: 1, y: 1.0000005, z: 1.0000005}
  m_Children: []
  m_Father: {fileID: 4535346602132176}
  m_RootOrder: 0
  m_LocalEulerAnglesHint: {x: 0, y: 0, z: 0}
--- !u!4 &4302807806679868
Transform:
  m_ObjectHideFlags: 1
  m_PrefabParentObject: {fileID: 0}
  m_PrefabInternal: {fileID: 100100000}
  m_GameObject: {fileID: 1410871592959290}
  m_LocalRotation: {x: 0, y: 0, z: 0, w: 1}
  m_LocalPosition: {x: -0.00000003352762, y: 0, z: 0.165863}
  m_LocalScale: {x: 1, y: 1, z: 1}
  m_Children: []
  m_Father: {fileID: 4210659446716414}
  m_RootOrder: 4
  m_LocalEulerAnglesHint: {x: 0, y: 0, z: 0}
--- !u!4 &4344665364155832
Transform:
  m_ObjectHideFlags: 1
  m_PrefabParentObject: {fileID: 0}
  m_PrefabInternal: {fileID: 100100000}
  m_GameObject: {fileID: 1273628861236834}
  m_LocalRotation: {x: 0.7071068, y: 0, z: 0, w: -0.7071068}
  m_LocalPosition: {x: 0, y: -0.004860677, z: -0.038}
  m_LocalScale: {x: 1, y: 1, z: 1}
  m_Children:
  - {fileID: 4053707261624250}
  m_Father: {fileID: 4210659446716414}
  m_RootOrder: 5
  m_LocalEulerAnglesHint: {x: -62.735004, y: 0, z: 0}
--- !u!4 &4350207296859730
Transform:
  m_ObjectHideFlags: 1
  m_PrefabParentObject: {fileID: 0}
  m_PrefabInternal: {fileID: 100100000}
  m_GameObject: {fileID: 1537509912733814}
  m_LocalRotation: {x: -0, y: -0, z: -0, w: 1}
  m_LocalPosition: {x: 0, y: -0.0318, z: 0.0279}
  m_LocalScale: {x: 0.6093274, y: 0.59506, z: 0.06554595}
  m_Children: []
  m_Father: {fileID: 4564632464139832}
  m_RootOrder: 1
  m_LocalEulerAnglesHint: {x: 0, y: 0, z: 0}
--- !u!4 &4485877718161656
Transform:
  m_ObjectHideFlags: 1
  m_PrefabParentObject: {fileID: 0}
  m_PrefabInternal: {fileID: 100100000}
  m_GameObject: {fileID: 1301047962177140}
  m_LocalRotation: {x: -0, y: -0, z: -0, w: 1}
  m_LocalPosition: {x: -0.00000003352762, y: 0.0017, z: 0.175963}
  m_LocalScale: {x: 1, y: 1, z: 1}
  m_Children: []
  m_Father: {fileID: 4210659446716414}
  m_RootOrder: 7
  m_LocalEulerAnglesHint: {x: 0, y: 0, z: 0}
--- !u!4 &4535346602132176
Transform:
  m_ObjectHideFlags: 1
  m_PrefabParentObject: {fileID: 0}
  m_PrefabInternal: {fileID: 100100000}
  m_GameObject: {fileID: 1934051753488480}
  m_LocalRotation: {x: 0.7071068, y: -0, z: -0, w: -0.7071068}
  m_LocalPosition: {x: -0.000000044703356, y: 0.07529557, z: 0.15190127}
  m_LocalScale: {x: 1.0000014, y: 1.0000029, z: 1.0000024}
  m_Children:
  - {fileID: 4291809159273758}
  m_Father: {fileID: 4210659446716414}
  m_RootOrder: 9
  m_LocalEulerAnglesHint: {x: 0, y: 0, z: 0}
--- !u!4 &4564632464139832
Transform:
  m_ObjectHideFlags: 1
  m_PrefabParentObject: {fileID: 0}
  m_PrefabInternal: {fileID: 100100000}
  m_GameObject: {fileID: 1651095308124848}
  m_LocalRotation: {x: 0, y: 0, z: 0, w: 1}
  m_LocalPosition: {x: -0.00000003352762, y: 0, z: 0.165863}
  m_LocalScale: {x: 1, y: 1, z: 1}
  m_Children:
  - {fileID: 4946346965269934}
  - {fileID: 4350207296859730}
  - {fileID: 4061925177263800}
  m_Father: {fileID: 4210659446716414}
  m_RootOrder: 6
  m_LocalEulerAnglesHint: {x: 0, y: 0, z: 0}
--- !u!4 &4690160133156598
Transform:
  m_ObjectHideFlags: 1
  m_PrefabParentObject: {fileID: 0}
  m_PrefabInternal: {fileID: 100100000}
  m_GameObject: {fileID: 1799291432754518}
  m_LocalRotation: {x: -0.7071068, y: 0, z: -0, w: 0.7071068}
  m_LocalPosition: {x: -0.000000030522184, y: 0.016577143, z: 0.18105705}
  m_LocalScale: {x: 1, y: 1, z: 1}
  m_Children: []
  m_Father: {fileID: 4210659446716414}
  m_RootOrder: 3
  m_LocalEulerAnglesHint: {x: 0, y: 0, z: 0}
--- !u!4 &4718683275968374
Transform:
  m_ObjectHideFlags: 1
  m_PrefabParentObject: {fileID: 0}
  m_PrefabInternal: {fileID: 100100000}
  m_GameObject: {fileID: 1577141670433946}
  m_LocalRotation: {x: -0.7071068, y: 0, z: -0, w: 0.7071068}
  m_LocalPosition: {x: -0.000000022185086, y: 0.016800076, z: -0.06143698}
  m_LocalScale: {x: 1, y: 1, z: 1}
  m_Children: []
  m_Father: {fileID: 4210659446716414}
  m_RootOrder: 0
  m_LocalEulerAnglesHint: {x: 0, y: 0, z: 0}
--- !u!4 &4852440572504646
Transform:
  m_ObjectHideFlags: 1
  m_PrefabParentObject: {fileID: 0}
  m_PrefabInternal: {fileID: 100100000}
  m_GameObject: {fileID: 1413897948996498}
  m_LocalRotation: {x: -0.7071068, y: -0, z: -0, w: 0.7071068}
  m_LocalPosition: {x: -0.00000003352762, y: 0.01680005, z: -0.06143698}
  m_LocalScale: {x: 1, y: 1, z: 1}
  m_Children:
  - {fileID: 4150465818475972}
  m_Father: {fileID: 4210659446716414}
  m_RootOrder: 1
  m_LocalEulerAnglesHint: {x: 0, y: 0, z: 0}
--- !u!4 &4946346965269934
Transform:
  m_ObjectHideFlags: 1
  m_PrefabParentObject: {fileID: 0}
  m_PrefabInternal: {fileID: 100100000}
  m_GameObject: {fileID: 1880739134706266}
  m_LocalRotation: {x: 0, y: 0, z: 0, w: 1}
  m_LocalPosition: {x: 0, y: 0.028, z: 0}
  m_LocalScale: {x: 1, y: 0.7142602, z: 1}
  m_Children: []
  m_Father: {fileID: 4564632464139832}
  m_RootOrder: 0
  m_LocalEulerAnglesHint: {x: 0, y: 0, z: 0}
--- !u!23 &23027746491285130
MeshRenderer:
  m_ObjectHideFlags: 1
  m_PrefabParentObject: {fileID: 0}
  m_PrefabInternal: {fileID: 100100000}
  m_GameObject: {fileID: 1577141670433946}
  m_Enabled: 1
  m_CastShadows: 1
  m_ReceiveShadows: 1
  m_DynamicOccludee: 1
  m_MotionVectors: 1
  m_LightProbeUsage: 1
  m_ReflectionProbeUsage: 1
  m_Materials:
  - {fileID: 2100000, guid: 5cd88525892a049419f154fdad56d5e9, type: 2}
  m_StaticBatchInfo:
    firstSubMesh: 0
    subMeshCount: 0
  m_StaticBatchRoot: {fileID: 0}
  m_ProbeAnchor: {fileID: 0}
  m_LightProbeVolumeOverride: {fileID: 0}
  m_ScaleInLightmap: 1
  m_PreserveUVs: 0
  m_IgnoreNormalsForChartDetection: 0
  m_ImportantGI: 0
  m_StitchLightmapSeams: 0
  m_SelectedEditorRenderState: 3
  m_MinimumChartSize: 4
  m_AutoUVMaxDistance: 0.5
  m_AutoUVMaxAngle: 89
  m_LightmapParameters: {fileID: 0}
  m_SortingLayerID: 0
  m_SortingLayer: 0
  m_SortingOrder: 0
--- !u!23 &23463668754880524
MeshRenderer:
  m_ObjectHideFlags: 1
  m_PrefabParentObject: {fileID: 0}
  m_PrefabInternal: {fileID: 100100000}
  m_GameObject: {fileID: 1626304842703486}
  m_Enabled: 1
  m_CastShadows: 1
  m_ReceiveShadows: 1
  m_DynamicOccludee: 1
  m_MotionVectors: 1
  m_LightProbeUsage: 1
  m_ReflectionProbeUsage: 1
  m_Materials:
  - {fileID: 2100000, guid: 5cd88525892a049419f154fdad56d5e9, type: 2}
  m_StaticBatchInfo:
    firstSubMesh: 0
    subMeshCount: 0
  m_StaticBatchRoot: {fileID: 0}
  m_ProbeAnchor: {fileID: 0}
  m_LightProbeVolumeOverride: {fileID: 0}
  m_ScaleInLightmap: 1
  m_PreserveUVs: 0
  m_IgnoreNormalsForChartDetection: 0
  m_ImportantGI: 0
  m_StitchLightmapSeams: 0
  m_SelectedEditorRenderState: 3
  m_MinimumChartSize: 4
  m_AutoUVMaxDistance: 0.5
  m_AutoUVMaxAngle: 89
  m_LightmapParameters: {fileID: 0}
  m_SortingLayerID: 0
  m_SortingLayer: 0
  m_SortingOrder: 0
--- !u!23 &23476557701411286
MeshRenderer:
  m_ObjectHideFlags: 1
  m_PrefabParentObject: {fileID: 0}
  m_PrefabInternal: {fileID: 100100000}
  m_GameObject: {fileID: 1992548318483202}
  m_Enabled: 1
  m_CastShadows: 1
  m_ReceiveShadows: 1
  m_DynamicOccludee: 1
  m_MotionVectors: 1
  m_LightProbeUsage: 1
  m_ReflectionProbeUsage: 1
  m_Materials:
  - {fileID: 2100000, guid: 5cd88525892a049419f154fdad56d5e9, type: 2}
  m_StaticBatchInfo:
    firstSubMesh: 0
    subMeshCount: 0
  m_StaticBatchRoot: {fileID: 0}
  m_ProbeAnchor: {fileID: 0}
  m_LightProbeVolumeOverride: {fileID: 0}
  m_ScaleInLightmap: 1
  m_PreserveUVs: 0
  m_IgnoreNormalsForChartDetection: 0
  m_ImportantGI: 0
  m_StitchLightmapSeams: 0
  m_SelectedEditorRenderState: 3
  m_MinimumChartSize: 4
  m_AutoUVMaxDistance: 0.5
  m_AutoUVMaxAngle: 89
  m_LightmapParameters: {fileID: 0}
  m_SortingLayerID: 0
  m_SortingLayer: 0
  m_SortingOrder: 0
--- !u!23 &23510683450303612
MeshRenderer:
  m_ObjectHideFlags: 1
  m_PrefabParentObject: {fileID: 0}
  m_PrefabInternal: {fileID: 100100000}
  m_GameObject: {fileID: 1799291432754518}
  m_Enabled: 1
  m_CastShadows: 1
  m_ReceiveShadows: 1
  m_DynamicOccludee: 1
  m_MotionVectors: 1
  m_LightProbeUsage: 1
  m_ReflectionProbeUsage: 1
  m_Materials:
  - {fileID: 2100000, guid: 5cd88525892a049419f154fdad56d5e9, type: 2}
  m_StaticBatchInfo:
    firstSubMesh: 0
    subMeshCount: 0
  m_StaticBatchRoot: {fileID: 0}
  m_ProbeAnchor: {fileID: 0}
  m_LightProbeVolumeOverride: {fileID: 0}
  m_ScaleInLightmap: 1
  m_PreserveUVs: 0
  m_IgnoreNormalsForChartDetection: 0
  m_ImportantGI: 0
  m_StitchLightmapSeams: 0
  m_SelectedEditorRenderState: 3
  m_MinimumChartSize: 4
  m_AutoUVMaxDistance: 0.5
  m_AutoUVMaxAngle: 89
  m_LightmapParameters: {fileID: 0}
  m_SortingLayerID: 0
  m_SortingLayer: 0
  m_SortingOrder: 0
--- !u!23 &23556378359176126
MeshRenderer:
  m_ObjectHideFlags: 1
  m_PrefabParentObject: {fileID: 0}
  m_PrefabInternal: {fileID: 100100000}
  m_GameObject: {fileID: 1529357268235830}
  m_Enabled: 1
  m_CastShadows: 1
  m_ReceiveShadows: 1
  m_DynamicOccludee: 1
  m_MotionVectors: 1
  m_LightProbeUsage: 1
  m_ReflectionProbeUsage: 1
  m_Materials:
  - {fileID: 2100000, guid: 5cd88525892a049419f154fdad56d5e9, type: 2}
  m_StaticBatchInfo:
    firstSubMesh: 0
    subMeshCount: 0
  m_StaticBatchRoot: {fileID: 0}
  m_ProbeAnchor: {fileID: 0}
  m_LightProbeVolumeOverride: {fileID: 0}
  m_ScaleInLightmap: 1
  m_PreserveUVs: 0
  m_IgnoreNormalsForChartDetection: 0
  m_ImportantGI: 0
  m_StitchLightmapSeams: 0
  m_SelectedEditorRenderState: 3
  m_MinimumChartSize: 4
  m_AutoUVMaxDistance: 0.5
  m_AutoUVMaxAngle: 89
  m_LightmapParameters: {fileID: 0}
  m_SortingLayerID: 0
  m_SortingLayer: 0
  m_SortingOrder: 0
--- !u!23 &23837380690765504
MeshRenderer:
  m_ObjectHideFlags: 1
  m_PrefabParentObject: {fileID: 0}
  m_PrefabInternal: {fileID: 100100000}
  m_GameObject: {fileID: 1919460541635700}
  m_Enabled: 1
  m_CastShadows: 1
  m_ReceiveShadows: 1
  m_DynamicOccludee: 1
  m_MotionVectors: 1
  m_LightProbeUsage: 1
  m_ReflectionProbeUsage: 1
  m_Materials:
  - {fileID: 2100000, guid: 5cd88525892a049419f154fdad56d5e9, type: 2}
  m_StaticBatchInfo:
    firstSubMesh: 0
    subMeshCount: 0
  m_StaticBatchRoot: {fileID: 0}
  m_ProbeAnchor: {fileID: 0}
  m_LightProbeVolumeOverride: {fileID: 0}
  m_ScaleInLightmap: 1
  m_PreserveUVs: 0
  m_IgnoreNormalsForChartDetection: 0
  m_ImportantGI: 0
  m_StitchLightmapSeams: 0
  m_SelectedEditorRenderState: 3
  m_MinimumChartSize: 4
  m_AutoUVMaxDistance: 0.5
  m_AutoUVMaxAngle: 89
  m_LightmapParameters: {fileID: 0}
  m_SortingLayerID: 0
  m_SortingLayer: 0
  m_SortingOrder: 0
--- !u!33 &33377134687053994
MeshFilter:
  m_ObjectHideFlags: 1
  m_PrefabParentObject: {fileID: 0}
  m_PrefabInternal: {fileID: 100100000}
  m_GameObject: {fileID: 1799291432754518}
  m_Mesh: {fileID: 4300014, guid: 0122dfede1991494ab753e851f95960a, type: 3}
--- !u!33 &33524271652306750
MeshFilter:
  m_ObjectHideFlags: 1
  m_PrefabParentObject: {fileID: 0}
  m_PrefabInternal: {fileID: 100100000}
  m_GameObject: {fileID: 1919460541635700}
  m_Mesh: {fileID: 4300012, guid: 0122dfede1991494ab753e851f95960a, type: 3}
--- !u!33 &33571210122952206
MeshFilter:
  m_ObjectHideFlags: 1
  m_PrefabParentObject: {fileID: 0}
  m_PrefabInternal: {fileID: 100100000}
  m_GameObject: {fileID: 1626304842703486}
  m_Mesh: {fileID: 4300004, guid: 0122dfede1991494ab753e851f95960a, type: 3}
--- !u!33 &33637255531882780
MeshFilter:
  m_ObjectHideFlags: 1
  m_PrefabParentObject: {fileID: 0}
  m_PrefabInternal: {fileID: 100100000}
  m_GameObject: {fileID: 1992548318483202}
  m_Mesh: {fileID: 4300016, guid: 0122dfede1991494ab753e851f95960a, type: 3}
--- !u!33 &33667882767798498
MeshFilter:
  m_ObjectHideFlags: 1
  m_PrefabParentObject: {fileID: 0}
  m_PrefabInternal: {fileID: 100100000}
  m_GameObject: {fileID: 1529357268235830}
  m_Mesh: {fileID: 4300008, guid: 0122dfede1991494ab753e851f95960a, type: 3}
--- !u!33 &33882597206287024
MeshFilter:
  m_ObjectHideFlags: 1
  m_PrefabParentObject: {fileID: 0}
  m_PrefabInternal: {fileID: 100100000}
  m_GameObject: {fileID: 1577141670433946}
  m_Mesh: {fileID: 4300000, guid: 0122dfede1991494ab753e851f95960a, type: 3}
--- !u!54 &54109371128447622
Rigidbody:
  m_ObjectHideFlags: 1
  m_PrefabParentObject: {fileID: 0}
  m_PrefabInternal: {fileID: 100100000}
  m_GameObject: {fileID: 1275381494668660}
  serializedVersion: 2
  m_Mass: 1
  m_Drag: 0
  m_AngularDrag: 0.05
  m_UseGravity: 1
  m_IsKinematic: 1
  m_Interpolate: 0
  m_Constraints: 0
  m_CollisionDetection: 0
--- !u!65 &65439734700878128
BoxCollider:
  m_ObjectHideFlags: 1
  m_PrefabParentObject: {fileID: 0}
  m_PrefabInternal: {fileID: 100100000}
  m_GameObject: {fileID: 1804808070908642}
  m_Material: {fileID: 0}
  m_IsTrigger: 1
  m_Enabled: 1
  serializedVersion: 2
  m_Size: {x: 1, y: 1, z: 1}
  m_Center: {x: 0, y: 0, z: 0}
--- !u!65 &65584566243458028
BoxCollider:
  m_ObjectHideFlags: 1
  m_PrefabParentObject: {fileID: 0}
  m_PrefabInternal: {fileID: 100100000}
  m_GameObject: {fileID: 1537509912733814}
  m_Material: {fileID: 0}
  m_IsTrigger: 0
  m_Enabled: 1
  serializedVersion: 2
  m_Size: {x: 0.060342155, y: 0.2220536, z: 0.67842346}
  m_Center: {x: -0.0009091569, y: 0.007234146, z: -0.22213495}
--- !u!65 &65758798491803132
BoxCollider:
  m_ObjectHideFlags: 1
  m_PrefabParentObject: {fileID: 0}
  m_PrefabInternal: {fileID: 100100000}
  m_GameObject: {fileID: 1988098117820064}
  m_Material: {fileID: 0}
  m_IsTrigger: 0
  m_Enabled: 1
  serializedVersion: 2
  m_Size: {x: 0.060342155, y: 0.2220536, z: 0.67842346}
  m_Center: {x: -0.0009091569, y: 0.007234146, z: -0.22213495}
--- !u!65 &65769559406445030
BoxCollider:
  m_ObjectHideFlags: 1
  m_PrefabParentObject: {fileID: 0}
  m_PrefabInternal: {fileID: 100100000}
  m_GameObject: {fileID: 1880739134706266}
  m_Material: {fileID: 0}
  m_IsTrigger: 0
  m_Enabled: 1
  serializedVersion: 2
  m_Size: {x: 0.060342155, y: 0.2220536, z: 0.67842346}
  m_Center: {x: -0.0009091569, y: 0.007234146, z: -0.22213495}
--- !u!111 &111990234366685358
Animation:
  m_ObjectHideFlags: 1
  m_PrefabParentObject: {fileID: 0}
  m_PrefabInternal: {fileID: 100100000}
  m_GameObject: {fileID: 1413897948996498}
  m_Enabled: 1
  serializedVersion: 3
  m_Animation: {fileID: 7400000, guid: ec9bfa8913df8434e856b05cf07f0e81, type: 2}
  m_Animations:
  - {fileID: 7400000, guid: ec9bfa8913df8434e856b05cf07f0e81, type: 2}
  m_WrapMode: 0
  m_PlayAutomatically: 0
  m_AnimatePhysics: 0
  m_CullingType: 0
--- !u!114 &114061976734960188
MonoBehaviour:
  m_ObjectHideFlags: 1
  m_PrefabParentObject: {fileID: 0}
  m_PrefabInternal: {fileID: 100100000}
  m_GameObject: {fileID: 1410871592959290}
  m_Enabled: 1
  m_EditorHideFlags: 0
  m_Script: {fileID: 11500000, guid: e463d2fbb8664294b9a3787425b4c0b8, type: 3}
  m_Name: 
  m_EditorClassIdentifier: 
  item: {fileID: 4210659446716414}
  hovers:
  - {fileID: 23027746491285130}
  - {fileID: 23556378359176126}
  - {fileID: 23476557701411286}
  - {fileID: 23510683450303612}
  - {fileID: 23463668754880524}
  - {fileID: 23837380690765504}
  triggerColliders: []
  leftHandIKAnchor: {fileID: 0}
  rightHandIKAnchor: {fileID: 0}
  leftHandIKPoseName: 
  rightHandIkPoseName: 
  parents: []
  itemId: 
  canBeHeld: 1
  interactionDisabled: 0
  holdType: 0
  useBreakDistance: 0
  breakDistance: 0.1
  linkedLeftAndRightHeldPositions: 1
  heldPosition: {x: 0, y: -0.024, z: 0.081}
  heldRotation: {x: 0.13835496, y: 0, z: 0, w: 0.99038273}
  heldPositionRightHand: {x: 0, y: 0, z: 0}
  heldRotationRightHand: {x: 0, y: 0, z: 0, w: 1}
  throwBoost: 1
  followForce: 1
  interactionDistance: 0.1
  limitAcceptedAction: 0
  acceptedActions: []
  hoverModes: 000000000000000000000000000000000000000000000000
  defaultShaders:
  - {fileID: 0}
  - {fileID: 0}
  - {fileID: 0}
  - {fileID: 0}
  - {fileID: 0}
  - {fileID: 0}
  hoverShaders:
  - {fileID: 0}
  - {fileID: 0}
  - {fileID: 0}
  - {fileID: 0}
  - {fileID: 0}
  - {fileID: 0}
  defaultMats:
  - {fileID: 0}
  - {fileID: 0}
  - {fileID: 0}
  - {fileID: 0}
  - {fileID: 0}
  - {fileID: 0}
  hoverMats:
  - {fileID: 0}
  - {fileID: 0}
  - {fileID: 0}
  - {fileID: 0}
  - {fileID: 0}
  - {fileID: 0}
  toggleToPickup: 1
  pickupEvent:
    m_PersistentCalls:
      m_Calls: []
    m_TypeName: UnityEngine.Events.UnityEvent, UnityEngine.CoreModule, Version=0.0.0.0,
      Culture=neutral, PublicKeyToken=null
  dropEvent:
    m_PersistentCalls:
      m_Calls: []
    m_TypeName: UnityEngine.Events.UnityEvent, UnityEngine.CoreModule, Version=0.0.0.0,
      Culture=neutral, PublicKeyToken=null
  enableHoverEvent:
    m_PersistentCalls:
      m_Calls: []
    m_TypeName: UnityEngine.Events.UnityEvent, UnityEngine.CoreModule, Version=0.0.0.0,
      Culture=neutral, PublicKeyToken=null
  disableHoverEvent:
    m_PersistentCalls:
      m_Calls: []
    m_TypeName: UnityEngine.Events.UnityEvent, UnityEngine.CoreModule, Version=0.0.0.0,
      Culture=neutral, PublicKeyToken=null
  audioSource: {fileID: 0}
  enterHover: {fileID: 0}
  exitHover: {fileID: 0}
  pickupSound: {fileID: 0}
  dropSound: {fileID: 0}
  forceGrabSound: {fileID: 0}
  hoverFoldout: 0
  triggersFoldout: 0
  soundsFoldout: 0
  ikFoldout: 0
  firingMode: 1
  shotMode: 0
  defaultPosition: {x: 0, y: 0, z: 0}
  defaultRotation: {x: 0, y: 0, z: 0, w: 1}
  bulletId: 0
  damage: 10
  bulletForce: 10
  shootLayers: []
  ignoreShootLayers: 0
  autoEjectEmptyMag: 0
  useChamberBullet: 1
  ejectCasingOnFire: 1
  ejectCasingOnSlidePull: 0
  ejectBulletOnSlidePull: 0
  requireMagToShoot: 0
  fireType: 0
  damageMethodName: Damage
  trigger: {fileID: 114338595838737280}
  slide: {fileID: 114386081251014224}
  bulletReceiver: {fileID: 0}
  secondHeld: {fileID: 114790800724146864}
  playOnFire: []
  playOnSuccessfulFire:
  - {fileID: 111990234366685358}
  attachmentId: 75
  attachmentPrefabs:
  - attachmentPrefab: {fileID: 1992476723102408, guid: 3247bb7e2bd3e484f9d0cbd8259025e9,
      type: 2}
    attachmentReceiver: {fileID: 114203472963745452}
    startLoaded: 0
    isPrefab: 1
  bulletDecalPrefab: {fileID: 1000010966753624, guid: 8994e28340411c64bb17ec55b4620a6c,
    type: 2}
  spawnOnFire:
  - {fileID: 1000011950633266, guid: fd16f026e93064f46abf313307e9ecff, type: 2}
  loadedBulletPrefab: {fileID: 1404694252446490, guid: 0b03498627ff7364b8324b0814a82e29,
    type: 2}
  spentBulletPrefab: {fileID: 1365441662400940, guid: 4ecebf6a03d24b04cb252e5f53cb20f5,
    type: 2}
  laserPointerMat: {fileID: 0}
  tracerMat: {fileID: 0}
  physicalBullet: {fileID: 0}
  fireRate: 0.1
  bulletsPerShot: 6
  coneSize: 2.5
  recoilKick: 1
  angularRecoilKick: 0.25
  recoilRecovery: 1
  shootOrigin: {x: 0, y: 0.04522, z: 0.2677}
  shootDirection: {x: -0.00000044703356, y: 0.00000018626451, z: 2.057001}
  loadedBulletPosition: {x: 0, y: 0.04869, z: 0.0545}
  loadedBulletRotation: {x: 0.70710677, y: 0, z: 0, w: -0.70710677}
  bulletEjectionDirection: {x: 5.03, y: 0, z: 0}
  bulletEjectionPush: 0.01
  firingOrigin: {x: 0, y: 0, z: 0}
  firingDirection: {x: 0, y: 0, z: 0}
  laserPointerOrigin: {x: 0, y: 0, z: 0}
  laserPointerEnabled: 0
  playOnFireCount: 0
  playOnSuccessfulFireCount: 1
  spawnOnFireCount: 1
  spawnOnFirePositions:
  - {x: 0, y: 0.0449, z: 0.3246}
  spawnOnFireRotations:
  - {x: 0, y: 1, z: 0, w: -0.00000004371139}
  laserPointerLineWidth: 0.01
  tracerLineWidth: 0.01
  fireSound: {fileID: 8300000, guid: ac43af80c49cc9845b1a5035b8be1cfe, type: 3}
  dryFireSound: {fileID: 8300000, guid: c60b0ba13dd5d0b4886ab7b7f3aa22a4, type: 3}
  slidePulled: {fileID: 8300000, guid: a1a7278987330ec42bbe91a2eca3a9e9, type: 3}
  slideRelease: {fileID: 8300000, guid: 3ec02e3dd24b2a744969a6acbf7eb84f, type: 3}
  loadMagazine: {fileID: 0}
  unloadMagazine: {fileID: 0}
--- !u!114 &114203472963745452
MonoBehaviour:
  m_ObjectHideFlags: 1
  m_PrefabParentObject: {fileID: 0}
  m_PrefabInternal: {fileID: 100100000}
  m_GameObject: {fileID: 1804808070908642}
  m_Enabled: 1
  m_EditorHideFlags: 0
  m_Script: {fileID: 11500000, guid: 6a388c53678530c40a21f6a8e63a08b2, type: 3}
  m_Name: 
  m_EditorClassIdentifier: 
  gunHandler: {fileID: 114061976734960188}
  attachmentId: 0
  attachEvent:
    m_PersistentCalls:
      m_Calls: []
    m_TypeName: UnityEngine.Events.UnityEvent, UnityEngine.CoreModule, Version=0.0.0.0,
      Culture=neutral, PublicKeyToken=null
  detachEvent:
    m_PersistentCalls:
      m_Calls: []
    m_TypeName: UnityEngine.Events.UnityEvent, UnityEngine.CoreModule, Version=0.0.0.0,
      Culture=neutral, PublicKeyToken=null
--- !u!114 &114338595838737280
MonoBehaviour:
  m_ObjectHideFlags: 1
  m_PrefabParentObject: {fileID: 0}
  m_PrefabInternal: {fileID: 100100000}
  m_GameObject: {fileID: 1273628861236834}
  m_Enabled: 1
  m_EditorHideFlags: 0
  m_Script: {fileID: 11500000, guid: bb03b77778e99dc4aad0131c0711eda3, type: 3}
  m_Name: 
  m_EditorClassIdentifier: 
  gunHandler: {fileID: 114061976734960188}
  defaultTriggerPosition: {x: 0, y: -0.004860677, z: -0.038}
  defaultTriggerRotation: {x: 0.70710677, y: 0, z: 0, w: -0.70710677}
  pulledTriggerPosition: {x: 0, y: -0.004860677, z: -0.038}
  pulledTriggerRotation: {x: 0.5205242, y: -1.9539925e-14, z: -0.000000029802303,
    w: -0.8538469}
  resetToDefaultOnShoot: 0
  triggerPulled: 0
--- !u!114 &114346910922008938
MonoBehaviour:
  m_ObjectHideFlags: 1
  m_PrefabParentObject: {fileID: 0}
  m_PrefabInternal: {fileID: 100100000}
  m_GameObject: {fileID: 1988098117820064}
  m_Enabled: 1
  m_EditorHideFlags: 0
  m_Script: {fileID: 11500000, guid: cb3807654d24c1f44bc24787b648936d, type: 3}
  m_Name: 
  m_EditorClassIdentifier: 
  item: {fileID: 114061976734960188}
--- !u!114 &114386081251014224
MonoBehaviour:
  m_ObjectHideFlags: 1
  m_PrefabParentObject: {fileID: 0}
  m_PrefabInternal: {fileID: 100100000}
  m_GameObject: {fileID: 1934051753488480}
  m_Enabled: 1
  m_EditorHideFlags: 0
  m_Script: {fileID: 11500000, guid: 19684492c39bb6b4cba2fa21472cc8d6, type: 3}
  m_Name: 
  m_EditorClassIdentifier: 
  item: {fileID: 4535346602132176}
  hovers:
  - {fileID: 23837380690765504}
  triggerColliders: []
  leftHandIKAnchor: {fileID: 0}
  rightHandIKAnchor: {fileID: 0}
  leftHandIKPoseName: 
  rightHandIkPoseName: 
  parents:
  - {fileID: 114061976734960188}
  itemId: 
  canBeHeld: 0
  interactionDisabled: 0
  holdType: 0
  useBreakDistance: 0
  breakDistance: 0.1
  linkedLeftAndRightHeldPositions: 1
  heldPosition: {x: 0.05, y: 0.0785, z: 0.0099}
  heldRotation: {x: 0, y: 0, z: 0, w: 1}
  heldPositionRightHand: {x: 0, y: 0, z: 0}
  heldRotationRightHand: {x: 0, y: 0, z: 0, w: 1}
  throwBoost: 1
  followForce: 1
  interactionDistance: 0.2
  limitAcceptedAction: 0
  acceptedActions: []
  hoverModes: 00000000
  defaultShaders:
  - {fileID: 0}
  hoverShaders:
  - {fileID: 0}
  defaultMats:
  - {fileID: 0}
  hoverMats:
  - {fileID: 0}
  toggleToPickup: 0
  pickupEvent:
    m_PersistentCalls:
      m_Calls: []
    m_TypeName: UnityEngine.Events.UnityEvent, UnityEngine.CoreModule, Version=0.0.0.0,
      Culture=neutral, PublicKeyToken=null
  dropEvent:
    m_PersistentCalls:
      m_Calls: []
    m_TypeName: UnityEngine.Events.UnityEvent, UnityEngine.CoreModule, Version=0.0.0.0,
      Culture=neutral, PublicKeyToken=null
  enableHoverEvent:
    m_PersistentCalls:
      m_Calls: []
    m_TypeName: UnityEngine.Events.UnityEvent, UnityEngine.CoreModule, Version=0.0.0.0,
      Culture=neutral, PublicKeyToken=null
  disableHoverEvent:
    m_PersistentCalls:
      m_Calls: []
    m_TypeName: UnityEngine.Events.UnityEvent, UnityEngine.CoreModule, Version=0.0.0.0,
      Culture=neutral, PublicKeyToken=null
  audioSource: {fileID: 0}
  enterHover: {fileID: 0}
  exitHover: {fileID: 0}
  pickupSound: {fileID: 0}
  dropSound: {fileID: 0}
  forceGrabSound: {fileID: 0}
  hoverFoldout: 0
  triggersFoldout: 0
  soundsFoldout: 0
  ikFoldout: 0
  recoilKick: 1
  angularRecoilKick: 0.25
  recoilRecovery: 1
  gunHandler: {fileID: 114061976734960188}
  defaultPosition: {x: -0.00000003352762, y: 0.07529557, z: 0.15190116}
  pulledPosition: {x: -0, y: 0.07529557, z: 0.076}
  useExtraPositions: 0
  extraPositions: []
  extraRotations: []
  defaultRotation: {x: 0.70710677, y: 0, z: 0, w: -0.70710677}
  pulledRotation: {x: 0.70710677, y: 0, z: 0, w: -0.70710677}
  useAsSecondHeld: 0
  animateSlide: 1
  slideAnimationTime: 0.2
  useScaleCalculation: 0
  slideSpring: 1
  lockSlideBack: 1
  onlyLockSlideWithMag: 0
  slidePulled: 0
--- !u!114 &114510728151128542
MonoBehaviour:
  m_ObjectHideFlags: 1
  m_PrefabParentObject: {fileID: 0}
  m_PrefabInternal: {fileID: 100100000}
  m_GameObject: {fileID: 1275381494668660}
  m_Enabled: 1
  m_EditorHideFlags: 0
  m_Script: {fileID: 11500000, guid: 54de535c42355564ca3a82bab25dc7b7, type: 3}
  m_Name: 
  m_EditorClassIdentifier: 
  gunHandler: {fileID: 114061976734960188}
--- !u!114 &114730591619056358
MonoBehaviour:
  m_ObjectHideFlags: 1
  m_PrefabParentObject: {fileID: 0}
  m_PrefabInternal: {fileID: 100100000}
  m_GameObject: {fileID: 1537509912733814}
  m_Enabled: 1
  m_EditorHideFlags: 0
  m_Script: {fileID: 11500000, guid: cb3807654d24c1f44bc24787b648936d, type: 3}
  m_Name: 
  m_EditorClassIdentifier: 
  item: {fileID: 114061976734960188}
--- !u!114 &114790800724146864
MonoBehaviour:
  m_ObjectHideFlags: 1
  m_PrefabParentObject: {fileID: 0}
  m_PrefabInternal: {fileID: 100100000}
  m_GameObject: {fileID: 1301047962177140}
  m_Enabled: 1
  m_EditorHideFlags: 0
  m_Script: {fileID: 11500000, guid: f77c9386b97899c4281c732ca442a223, type: 3}
  m_Name: 
  m_EditorClassIdentifier: 
  item: {fileID: 4210659446716414}
  hovers: []
  triggerColliders: []
  leftHandIKAnchor: {fileID: 0}
  rightHandIKAnchor: {fileID: 0}
  leftHandIKPoseName: 
  rightHandIkPoseName: 
  parents:
  - {fileID: 114061976734960188}
  itemId: 
  canBeHeld: 1
  interactionDisabled: 0
  holdType: 0
  useBreakDistance: 0
  breakDistance: 0.1
  linkedLeftAndRightHeldPositions: 1
  heldPosition: {x: -0, y: 0.0355, z: -0.159}
  heldRotation: {x: 0, y: 0, z: 0, w: 1}
  heldPositionRightHand: {x: 0, y: 0, z: 0}
  heldRotationRightHand: {x: 0, y: 0, z: 0, w: 1}
  throwBoost: 1
  followForce: 1
  interactionDistance: 0.1
  limitAcceptedAction: 0
  acceptedActions: []
  hoverModes: 
  defaultShaders: []
  hoverShaders: []
  defaultMats: []
  hoverMats: []
  toggleToPickup: 0
  pickupEvent:
    m_PersistentCalls:
      m_Calls: []
    m_TypeName: UnityEngine.Events.UnityEvent, UnityEngine.CoreModule, Version=0.0.0.0,
      Culture=neutral, PublicKeyToken=null
  dropEvent:
    m_PersistentCalls:
      m_Calls: []
    m_TypeName: UnityEngine.Events.UnityEvent, UnityEngine.CoreModule, Version=0.0.0.0,
      Culture=neutral, PublicKeyToken=null
  enableHoverEvent:
    m_PersistentCalls:
      m_Calls: []
    m_TypeName: UnityEngine.Events.UnityEvent, UnityEngine.CoreModule, Version=0.0.0.0,
      Culture=neutral, PublicKeyToken=null
  disableHoverEvent:
    m_PersistentCalls:
      m_Calls: []
    m_TypeName: UnityEngine.Events.UnityEvent, UnityEngine.CoreModule, Version=0.0.0.0,
      Culture=neutral, PublicKeyToken=null
  audioSource: {fileID: 0}
  enterHover: {fileID: 0}
  exitHover: {fileID: 0}
  pickupSound: {fileID: 0}
  dropSound: {fileID: 0}
  forceGrabSound: {fileID: 0}
  hoverFoldout: 0
  triggersFoldout: 0
  soundsFoldout: 0
  ikFoldout: 0
  recoilKick: 1
  angularRecoilKick: 0.25
  recoilRecovery: 1
  gunHandler: {fileID: 0}
--- !u!114 &114825450827998374
MonoBehaviour:
  m_ObjectHideFlags: 1
  m_PrefabParentObject: {fileID: 0}
  m_PrefabInternal: {fileID: 100100000}
  m_GameObject: {fileID: 1880739134706266}
  m_Enabled: 1
  m_EditorHideFlags: 0
  m_Script: {fileID: 11500000, guid: cb3807654d24c1f44bc24787b648936d, type: 3}
  m_Name: 
  m_EditorClassIdentifier: 
  item: {fileID: 114061976734960188}
