%YAML 1.1
%TAG !u! tag:unity3d.com,2011:
--- !u!1001 &100100000
Prefab:
  m_ObjectHideFlags: 1
  serializedVersion: 2
  m_Modification:
    m_TransformParent: {fileID: 0}
    m_Modifications: []
    m_RemovedComponents: []
  m_ParentPrefab: {fileID: 0}
  m_RootGameObject: {fileID: 1131610304226184}
  m_IsPrefabParent: 1
--- !u!1 &1131610304226184
GameObject:
  m_ObjectHideFlags: 0
  m_PrefabParentObject: {fileID: 0}
  m_PrefabInternal: {fileID: 100100000}
  serializedVersion: 5
  m_Component:
  - component: {fileID: 4633257296516404}
  - component: {fileID: 54501018355195824}
  - component: {fileID: 114794996522002628}
  m_Layer: 0
  m_Name: WPN_CX8
  m_TagString: Untagged
  m_Icon: {fileID: 0}
  m_NavMeshLayer: 0
  m_StaticEditorFlags: 0
  m_IsActive: 1
--- !u!1 &1218536435528294
GameObject:
  m_ObjectHideFlags: 0
  m_PrefabParentObject: {fileID: 0}
  m_PrefabInternal: {fileID: 100100000}
  serializedVersion: 5
  m_Component:
  - component: {fileID: 4457651459424534}
  m_Layer: 0
  m_Name: Collision
  m_TagString: Untagged
  m_Icon: {fileID: 0}
  m_NavMeshLayer: 0
  m_StaticEditorFlags: 0
  m_IsActive: 1
--- !u!1 &1285255288765636
GameObject:
  m_ObjectHideFlags: 1
  m_PrefabParentObject: {fileID: 0}
  m_PrefabInternal: {fileID: 100100000}
  serializedVersion: 5
  m_Component:
  - component: {fileID: 4829301819437756}
  - component: {fileID: 65557066213694392}
  - component: {fileID: 114975987627736710}
  m_Layer: 0
  m_Name: Collider
  m_TagString: Untagged
  m_Icon: {fileID: 0}
  m_NavMeshLayer: 0
  m_StaticEditorFlags: 0
  m_IsActive: 1
--- !u!1 &1345778321224222
GameObject:
  m_ObjectHideFlags: 0
  m_PrefabParentObject: {fileID: 0}
  m_PrefabInternal: {fileID: 100100000}
  serializedVersion: 5
  m_Component:
  - component: {fileID: 4900129282254510}
  - component: {fileID: 33430527270194188}
  - component: {fileID: 23338621263257948}
  m_Layer: 0
  m_Name: WPN_CX8
  m_TagString: Untagged
  m_Icon: {fileID: 0}
  m_NavMeshLayer: 0
  m_StaticEditorFlags: 0
  m_IsActive: 1
--- !u!1 &1391463314343312
GameObject:
  m_ObjectHideFlags: 1
  m_PrefabParentObject: {fileID: 0}
  m_PrefabInternal: {fileID: 100100000}
  serializedVersion: 5
  m_Component:
  - component: {fileID: 4098005454390188}
  - component: {fileID: 33723011179694956}
  - component: {fileID: 23335904866947586}
  m_Layer: 0
  m_Name: WPN_CX8_ejector
  m_TagString: Untagged
  m_Icon: {fileID: 0}
  m_NavMeshLayer: 0
  m_StaticEditorFlags: 0
  m_IsActive: 1
--- !u!1 &1394748262402186
GameObject:
  m_ObjectHideFlags: 0
  m_PrefabParentObject: {fileID: 0}
  m_PrefabInternal: {fileID: 100100000}
  serializedVersion: 5
  m_Component:
  - component: {fileID: 4577155449284854}
  - component: {fileID: 111741278887502796}
  m_Layer: 0
  m_Name: Ejector
  m_TagString: Untagged
  m_Icon: {fileID: 0}
  m_NavMeshLayer: 0
  m_StaticEditorFlags: 0
  m_IsActive: 1
--- !u!1 &1419788129586124
GameObject:
  m_ObjectHideFlags: 1
  m_PrefabParentObject: {fileID: 0}
  m_PrefabInternal: {fileID: 100100000}
  serializedVersion: 5
  m_Component:
  - component: {fileID: 4607818863450404}
  - component: {fileID: 65413522570807442}
  - component: {fileID: 114524210252468716}
  m_Layer: 0
  m_Name: Collider
  m_TagString: Untagged
  m_Icon: {fileID: 0}
  m_NavMeshLayer: 0
  m_StaticEditorFlags: 0
  m_IsActive: 1
--- !u!1 &1424986378960834
GameObject:
  m_ObjectHideFlags: 0
  m_PrefabParentObject: {fileID: 0}
  m_PrefabInternal: {fileID: 100100000}
  serializedVersion: 5
  m_Component:
  - component: {fileID: 4848083121420576}
  - component: {fileID: 114574317951892314}
  - component: {fileID: 65897747371921706}
  m_Layer: 0
  m_Name: Attachment Receiver
  m_TagString: Untagged
  m_Icon: {fileID: 0}
  m_NavMeshLayer: 0
  m_StaticEditorFlags: 0
  m_IsActive: 1
--- !u!1 &1425609575326038
GameObject:
  m_ObjectHideFlags: 0
  m_PrefabParentObject: {fileID: 0}
  m_PrefabInternal: {fileID: 100100000}
  serializedVersion: 5
  m_Component:
  - component: {fileID: 4121221511158350}
  - component: {fileID: 114726877073993652}
  m_Layer: 0
  m_Name: VRGunHandler
  m_TagString: Untagged
  m_Icon: {fileID: 0}
  m_NavMeshLayer: 0
  m_StaticEditorFlags: 0
  m_IsActive: 1
--- !u!1 &1602257175029408
GameObject:
  m_ObjectHideFlags: 0
  m_PrefabParentObject: {fileID: 0}
  m_PrefabInternal: {fileID: 100100000}
  serializedVersion: 5
  m_Component:
  - component: {fileID: 4534721473366384}
  - component: {fileID: 114888723996127684}
  m_Layer: 0
  m_Name: Slide
  m_TagString: Untagged
  m_Icon: {fileID: 0}
  m_NavMeshLayer: 0
  m_StaticEditorFlags: 0
  m_IsActive: 1
--- !u!1 &1622893316536200
GameObject:
  m_ObjectHideFlags: 1
  m_PrefabParentObject: {fileID: 0}
  m_PrefabInternal: {fileID: 100100000}
  serializedVersion: 5
  m_Component:
  - component: {fileID: 4607912341805200}
  - component: {fileID: 33159037846129130}
  - component: {fileID: 23489174193121598}
  m_Layer: 0
  m_Name: WPN_CX8_trigger
  m_TagString: Untagged
  m_Icon: {fileID: 0}
  m_NavMeshLayer: 0
  m_StaticEditorFlags: 0
  m_IsActive: 1
--- !u!1 &1658109289320048
GameObject:
  m_ObjectHideFlags: 1
  m_PrefabParentObject: {fileID: 0}
  m_PrefabInternal: {fileID: 100100000}
  serializedVersion: 5
  m_Component:
  - component: {fileID: 4035234437696736}
  - component: {fileID: 65369175833354966}
  - component: {fileID: 114723644827673190}
  m_Layer: 0
  m_Name: Collider
  m_TagString: Untagged
  m_Icon: {fileID: 0}
  m_NavMeshLayer: 0
  m_StaticEditorFlags: 0
  m_IsActive: 1
--- !u!1 &1761154510386596
GameObject:
  m_ObjectHideFlags: 1
  m_PrefabParentObject: {fileID: 0}
  m_PrefabInternal: {fileID: 100100000}
  serializedVersion: 5
  m_Component:
  - component: {fileID: 4651372463215608}
  - component: {fileID: 33543079356701320}
  - component: {fileID: 23427209364627478}
  m_Layer: 0
  m_Name: WPN_CX8_handle
  m_TagString: Untagged
  m_Icon: {fileID: 0}
  m_NavMeshLayer: 0
  m_StaticEditorFlags: 0
  m_IsActive: 1
--- !u!1 &1798454571011734
GameObject:
  m_ObjectHideFlags: 0
  m_PrefabParentObject: {fileID: 0}
  m_PrefabInternal: {fileID: 100100000}
  serializedVersion: 5
  m_Component:
  - component: {fileID: 4791631307628830}
  - component: {fileID: 33809801575581284}
  - component: {fileID: 23507066909354318}
  m_Layer: 0
  m_Name: WPN_CX8_foregrip
  m_TagString: Untagged
  m_Icon: {fileID: 0}
  m_NavMeshLayer: 0
  m_StaticEditorFlags: 0
  m_IsActive: 1
--- !u!1 &1836105673655640
GameObject:
  m_ObjectHideFlags: 0
  m_PrefabParentObject: {fileID: 0}
  m_PrefabInternal: {fileID: 100100000}
  serializedVersion: 5
  m_Component:
  - component: {fileID: 4517839070523340}
  - component: {fileID: 114857121440680186}
  m_Layer: 0
  m_Name: Second Held Collider
  m_TagString: Untagged
  m_Icon: {fileID: 0}
  m_NavMeshLayer: 0
  m_StaticEditorFlags: 0
  m_IsActive: 1
--- !u!1 &1860313589950924
GameObject:
  m_ObjectHideFlags: 1
  m_PrefabParentObject: {fileID: 0}
  m_PrefabInternal: {fileID: 100100000}
  serializedVersion: 5
  m_Component:
  - component: {fileID: 4772722578480190}
  - component: {fileID: 65274392560482766}
  - component: {fileID: 114721394751496330}
  m_Layer: 0
  m_Name: Collider
  m_TagString: Untagged
  m_Icon: {fileID: 0}
  m_NavMeshLayer: 0
  m_StaticEditorFlags: 0
  m_IsActive: 1
--- !u!1 &1875624042801972
GameObject:
  m_ObjectHideFlags: 0
  m_PrefabParentObject: {fileID: 0}
  m_PrefabInternal: {fileID: 100100000}
  serializedVersion: 5
  m_Component:
  - component: {fileID: 4689926367169550}
  - component: {fileID: 114525540195195710}
  m_Layer: 0
  m_Name: Trigger
  m_TagString: Untagged
  m_Icon: {fileID: 0}
  m_NavMeshLayer: 0
  m_StaticEditorFlags: 0
  m_IsActive: 1
--- !u!4 &4035234437696736
Transform:
  m_ObjectHideFlags: 1
  m_PrefabParentObject: {fileID: 0}
  m_PrefabInternal: {fileID: 100100000}
  m_GameObject: {fileID: 1658109289320048}
  m_LocalRotation: {x: 0, y: 0, z: 0, w: 1}
  m_LocalPosition: {x: 0, y: 0, z: 0}
  m_LocalScale: {x: 1, y: 1, z: 1}
  m_Children: []
  m_Father: {fileID: 4457651459424534}
  m_RootOrder: 1
  m_LocalEulerAnglesHint: {x: 0, y: 0, z: 0}
--- !u!4 &4098005454390188
Transform:
  m_ObjectHideFlags: 1
  m_PrefabParentObject: {fileID: 0}
  m_PrefabInternal: {fileID: 100100000}
  m_GameObject: {fileID: 1391463314343312}
  m_LocalRotation: {x: -0, y: -0, z: -0, w: 1}
  m_LocalPosition: {x: 0, y: 0, z: 0}
  m_LocalScale: {x: 1, y: 1, z: 1}
  m_Children: []
  m_Father: {fileID: 4577155449284854}
  m_RootOrder: 0
  m_LocalEulerAnglesHint: {x: 0, y: 0, z: 0}
--- !u!4 &4121221511158350
Transform:
  m_ObjectHideFlags: 1
  m_PrefabParentObject: {fileID: 0}
  m_PrefabInternal: {fileID: 100100000}
  m_GameObject: {fileID: 1425609575326038}
  m_LocalRotation: {x: 0, y: 0, z: 0, w: 1}
  m_LocalPosition: {x: 0, y: 0, z: 0}
  m_LocalScale: {x: 1, y: 1, z: 1}
  m_Children: []
  m_Father: {fileID: 4633257296516404}
  m_RootOrder: 3
  m_LocalEulerAnglesHint: {x: 0, y: 0, z: 0}
--- !u!4 &4457651459424534
Transform:
  m_ObjectHideFlags: 1
  m_PrefabParentObject: {fileID: 0}
  m_PrefabInternal: {fileID: 100100000}
  m_GameObject: {fileID: 1218536435528294}
  m_LocalRotation: {x: 0, y: 0, z: 0, w: 1}
  m_LocalPosition: {x: 0, y: 0, z: 0}
  m_LocalScale: {x: 1, y: 1, z: 1}
  m_Children:
  - {fileID: 4829301819437756}
  - {fileID: 4035234437696736}
  - {fileID: 4772722578480190}
  - {fileID: 4607818863450404}
  m_Father: {fileID: 4633257296516404}
  m_RootOrder: 6
  m_LocalEulerAnglesHint: {x: 0, y: 0, z: 0}
--- !u!4 &4517839070523340
Transform:
  m_ObjectHideFlags: 1
  m_PrefabParentObject: {fileID: 0}
  m_PrefabInternal: {fileID: 100100000}
  m_GameObject: {fileID: 1836105673655640}
  m_LocalRotation: {x: -0, y: -0, z: -0, w: 1}
  m_LocalPosition: {x: 0, y: -0.0303, z: 0.2482}
  m_LocalScale: {x: 1, y: 1, z: 1}
  m_Children: []
  m_Father: {fileID: 4633257296516404}
  m_RootOrder: 7
  m_LocalEulerAnglesHint: {x: 0, y: 0, z: 0}
--- !u!4 &4534721473366384
Transform:
  m_ObjectHideFlags: 1
  m_PrefabParentObject: {fileID: 0}
  m_PrefabInternal: {fileID: 100100000}
  m_GameObject: {fileID: 1602257175029408}
  m_LocalRotation: {x: 0.7071068, y: 0, z: 0, w: -0.7071068}
  m_LocalPosition: {x: -0.012704914, y: 0.080269374, z: 0.0767313}
  m_LocalScale: {x: 1, y: 1, z: 1}
  m_Children:
  - {fileID: 4651372463215608}
  m_Father: {fileID: 4633257296516404}
  m_RootOrder: 5
  m_LocalEulerAnglesHint: {x: 0, y: 0, z: 0}
--- !u!4 &4577155449284854
Transform:
  m_ObjectHideFlags: 1
  m_PrefabParentObject: {fileID: 0}
  m_PrefabInternal: {fileID: 100100000}
  m_GameObject: {fileID: 1394748262402186}
  m_LocalRotation: {x: -0.7071068, y: -0, z: -0, w: 0.7071068}
  m_LocalPosition: {x: 0, y: 0.07413626, z: -0.0011771917}
  m_LocalScale: {x: 1, y: 1, z: 1}
  m_Children:
  - {fileID: 4098005454390188}
  m_Father: {fileID: 4633257296516404}
  m_RootOrder: 1
  m_LocalEulerAnglesHint: {x: 0, y: 0, z: 0}
--- !u!4 &4607818863450404
Transform:
  m_ObjectHideFlags: 1
  m_PrefabParentObject: {fileID: 0}
  m_PrefabInternal: {fileID: 100100000}
  m_GameObject: {fileID: 1419788129586124}
  m_LocalRotation: {x: 0, y: 0, z: 0, w: 1}
  m_LocalPosition: {x: 0, y: 0.02, z: -0.148}
  m_LocalScale: {x: 1, y: 1.7959956, z: 33.14196}
  m_Children: []
  m_Father: {fileID: 4457651459424534}
  m_RootOrder: 3
  m_LocalEulerAnglesHint: {x: 0, y: 0, z: 0}
--- !u!4 &4607912341805200
Transform:
  m_ObjectHideFlags: 1
  m_PrefabParentObject: {fileID: 0}
  m_PrefabInternal: {fileID: 100100000}
  m_GameObject: {fileID: 1622893316536200}
  m_LocalRotation: {x: 0, y: 0, z: 0, w: 1}
  m_LocalPosition: {x: 0, y: 0, z: 0}
  m_LocalScale: {x: 1, y: 1.0000005, z: 1.0000005}
  m_Children: []
  m_Father: {fileID: 4689926367169550}
  m_RootOrder: 0
  m_LocalEulerAnglesHint: {x: 0, y: 0, z: 0}
--- !u!4 &4633257296516404
Transform:
  m_ObjectHideFlags: 1
  m_PrefabParentObject: {fileID: 0}
  m_PrefabInternal: {fileID: 100100000}
  m_GameObject: {fileID: 1131610304226184}
  m_LocalRotation: {x: -0, y: -0, z: -0, w: 1}
  m_LocalPosition: {x: -0.028137982, y: 0.065999985, z: -0.14546782}
  m_LocalScale: {x: 1, y: 1, z: 1}
  m_Children:
  - {fileID: 4900129282254510}
  - {fileID: 4577155449284854}
  - {fileID: 4791631307628830}
  - {fileID: 4121221511158350}
  - {fileID: 4689926367169550}
  - {fileID: 4534721473366384}
  - {fileID: 4457651459424534}
  - {fileID: 4517839070523340}
  - {fileID: 4848083121420576}
  m_Father: {fileID: 0}
  m_RootOrder: 0
  m_LocalEulerAnglesHint: {x: 16.366001, y: 0, z: 0}
--- !u!4 &4651372463215608
Transform:
  m_ObjectHideFlags: 1
  m_PrefabParentObject: {fileID: 0}
  m_PrefabInternal: {fileID: 100100000}
  m_GameObject: {fileID: 1761154510386596}
  m_LocalRotation: {x: 0, y: 0, z: 0, w: 1}
  m_LocalPosition: {x: 0, y: 0, z: 0}
  m_LocalScale: {x: 1, y: 1.0000005, z: 1.0000005}
  m_Children: []
  m_Father: {fileID: 4534721473366384}
  m_RootOrder: 0
  m_LocalEulerAnglesHint: {x: 0, y: 0, z: 0}
--- !u!4 &4689926367169550
Transform:
  m_ObjectHideFlags: 1
  m_PrefabParentObject: {fileID: 0}
  m_PrefabInternal: {fileID: 100100000}
  m_GameObject: {fileID: 1875624042801972}
  m_LocalRotation: {x: 0.7071068, y: 0, z: 0, w: -0.7071068}
  m_LocalPosition: {x: -0.00023156055, y: 0.038106065, z: 0.04250306}
  m_LocalScale: {x: 1, y: 1, z: 1}
  m_Children:
  - {fileID: 4607912341805200}
  m_Father: {fileID: 4633257296516404}
  m_RootOrder: 4
  m_LocalEulerAnglesHint: {x: -63.774002, y: 0, z: 0}
--- !u!4 &4772722578480190
Transform:
  m_ObjectHideFlags: 1
  m_PrefabParentObject: {fileID: 0}
  m_PrefabInternal: {fileID: 100100000}
  m_GameObject: {fileID: 1860313589950924}
  m_LocalRotation: {x: 0, y: 0, z: 0, w: 1}
  m_LocalPosition: {x: 0, y: 0.067, z: 0.4229}
  m_LocalScale: {x: 4.4992123, y: 1.5233485, z: 4.1850986}
  m_Children: []
  m_Father: {fileID: 4457651459424534}
  m_RootOrder: 2
  m_LocalEulerAnglesHint: {x: 0, y: 0, z: 0}
--- !u!4 &4791631307628830
Transform:
  m_ObjectHideFlags: 1
  m_PrefabParentObject: {fileID: 0}
  m_PrefabInternal: {fileID: 100100000}
  m_GameObject: {fileID: 1798454571011734}
  m_LocalRotation: {x: -0.7071068, y: 0, z: -0, w: 0.7071068}
  m_LocalPosition: {x: -0.000000009536743, y: -0.02487811, z: 0.24162464}
  m_LocalScale: {x: 1, y: 1, z: 1}
  m_Children: []
  m_Father: {fileID: 4633257296516404}
  m_RootOrder: 2
  m_LocalEulerAnglesHint: {x: 0, y: 0, z: 0}
--- !u!4 &4829301819437756
Transform:
  m_ObjectHideFlags: 1
  m_PrefabParentObject: {fileID: 0}
  m_PrefabInternal: {fileID: 100100000}
  m_GameObject: {fileID: 1285255288765636}
  m_LocalRotation: {x: 0, y: 0, z: 0, w: 1}
  m_LocalPosition: {x: 0, y: 0.04, z: 0.138}
  m_LocalScale: {x: 1, y: 0.63167727, z: 0.399729}
  m_Children: []
  m_Father: {fileID: 4457651459424534}
  m_RootOrder: 0
  m_LocalEulerAnglesHint: {x: 0, y: 0, z: 0}
--- !u!4 &4848083121420576
Transform:
  m_ObjectHideFlags: 1
  m_PrefabParentObject: {fileID: 0}
  m_PrefabInternal: {fileID: 100100000}
  m_GameObject: {fileID: 1424986378960834}
  m_LocalRotation: {x: 0.06664306, y: -0, z: -0, w: 0.9977769}
  m_LocalPosition: {x: 0, y: -0.0535, z: -0.0197}
  m_LocalScale: {x: 0.026789784, y: 0.10476392, z: 0.038490478}
  m_Children: []
  m_Father: {fileID: 4633257296516404}
  m_RootOrder: 8
  m_LocalEulerAnglesHint: {x: 7.642, y: 0, z: 0}
--- !u!4 &4900129282254510
Transform:
  m_ObjectHideFlags: 1
  m_PrefabParentObject: {fileID: 0}
  m_PrefabInternal: {fileID: 100100000}
  m_GameObject: {fileID: 1345778321224222}
  m_LocalRotation: {x: -0.7071068, y: 0, z: -0, w: 0.7071068}
  m_LocalPosition: {x: -0.00023156055, y: 0.038106065, z: 0.04250306}
  m_LocalScale: {x: 1, y: 1, z: 1}
  m_Children: []
  m_Father: {fileID: 4633257296516404}
  m_RootOrder: 0
  m_LocalEulerAnglesHint: {x: 0, y: 0, z: 0}
--- !u!23 &23335904866947586
MeshRenderer:
  m_ObjectHideFlags: 1
  m_PrefabParentObject: {fileID: 0}
  m_PrefabInternal: {fileID: 100100000}
  m_GameObject: {fileID: 1391463314343312}
  m_Enabled: 1
  m_CastShadows: 1
  m_ReceiveShadows: 1
  m_DynamicOccludee: 1
  m_MotionVectors: 1
  m_LightProbeUsage: 1
  m_ReflectionProbeUsage: 1
  m_Materials:
  - {fileID: 2100000, guid: e016a376ffcfa9445a2249b6e7833893, type: 2}
  m_StaticBatchInfo:
    firstSubMesh: 0
    subMeshCount: 0
  m_StaticBatchRoot: {fileID: 0}
  m_ProbeAnchor: {fileID: 0}
  m_LightProbeVolumeOverride: {fileID: 0}
  m_ScaleInLightmap: 1
  m_PreserveUVs: 0
  m_IgnoreNormalsForChartDetection: 0
  m_ImportantGI: 0
  m_StitchLightmapSeams: 0
  m_SelectedEditorRenderState: 3
  m_MinimumChartSize: 4
  m_AutoUVMaxDistance: 0.5
  m_AutoUVMaxAngle: 89
  m_LightmapParameters: {fileID: 0}
  m_SortingLayerID: 0
  m_SortingLayer: 0
  m_SortingOrder: 0
--- !u!23 &23338621263257948
MeshRenderer:
  m_ObjectHideFlags: 1
  m_PrefabParentObject: {fileID: 0}
  m_PrefabInternal: {fileID: 100100000}
  m_GameObject: {fileID: 1345778321224222}
  m_Enabled: 1
  m_CastShadows: 1
  m_ReceiveShadows: 1
  m_DynamicOccludee: 1
  m_MotionVectors: 1
  m_LightProbeUsage: 1
  m_ReflectionProbeUsage: 1
  m_Materials:
  - {fileID: 2100000, guid: e016a376ffcfa9445a2249b6e7833893, type: 2}
  m_StaticBatchInfo:
    firstSubMesh: 0
    subMeshCount: 0
  m_StaticBatchRoot: {fileID: 0}
  m_ProbeAnchor: {fileID: 0}
  m_LightProbeVolumeOverride: {fileID: 0}
  m_ScaleInLightmap: 1
  m_PreserveUVs: 0
  m_IgnoreNormalsForChartDetection: 0
  m_ImportantGI: 0
  m_StitchLightmapSeams: 0
  m_SelectedEditorRenderState: 3
  m_MinimumChartSize: 4
  m_AutoUVMaxDistance: 0.5
  m_AutoUVMaxAngle: 89
  m_LightmapParameters: {fileID: 0}
  m_SortingLayerID: 0
  m_SortingLayer: 0
  m_SortingOrder: 0
--- !u!23 &23427209364627478
MeshRenderer:
  m_ObjectHideFlags: 1
  m_PrefabParentObject: {fileID: 0}
  m_PrefabInternal: {fileID: 100100000}
  m_GameObject: {fileID: 1761154510386596}
  m_Enabled: 1
  m_CastShadows: 1
  m_ReceiveShadows: 1
  m_DynamicOccludee: 1
  m_MotionVectors: 1
  m_LightProbeUsage: 1
  m_ReflectionProbeUsage: 1
  m_Materials:
  - {fileID: 2100000, guid: e016a376ffcfa9445a2249b6e7833893, type: 2}
  m_StaticBatchInfo:
    firstSubMesh: 0
    subMeshCount: 0
  m_StaticBatchRoot: {fileID: 0}
  m_ProbeAnchor: {fileID: 0}
  m_LightProbeVolumeOverride: {fileID: 0}
  m_ScaleInLightmap: 1
  m_PreserveUVs: 0
  m_IgnoreNormalsForChartDetection: 0
  m_ImportantGI: 0
  m_StitchLightmapSeams: 0
  m_SelectedEditorRenderState: 3
  m_MinimumChartSize: 4
  m_AutoUVMaxDistance: 0.5
  m_AutoUVMaxAngle: 89
  m_LightmapParameters: {fileID: 0}
  m_SortingLayerID: 0
  m_SortingLayer: 0
  m_SortingOrder: 0
--- !u!23 &23489174193121598
MeshRenderer:
  m_ObjectHideFlags: 1
  m_PrefabParentObject: {fileID: 0}
  m_PrefabInternal: {fileID: 100100000}
  m_GameObject: {fileID: 1622893316536200}
  m_Enabled: 1
  m_CastShadows: 1
  m_ReceiveShadows: 1
  m_DynamicOccludee: 1
  m_MotionVectors: 1
  m_LightProbeUsage: 1
  m_ReflectionProbeUsage: 1
  m_Materials:
  - {fileID: 2100000, guid: e016a376ffcfa9445a2249b6e7833893, type: 2}
  m_StaticBatchInfo:
    firstSubMesh: 0
    subMeshCount: 0
  m_StaticBatchRoot: {fileID: 0}
  m_ProbeAnchor: {fileID: 0}
  m_LightProbeVolumeOverride: {fileID: 0}
  m_ScaleInLightmap: 1
  m_PreserveUVs: 0
  m_IgnoreNormalsForChartDetection: 0
  m_ImportantGI: 0
  m_StitchLightmapSeams: 0
  m_SelectedEditorRenderState: 3
  m_MinimumChartSize: 4
  m_AutoUVMaxDistance: 0.5
  m_AutoUVMaxAngle: 89
  m_LightmapParameters: {fileID: 0}
  m_SortingLayerID: 0
  m_SortingLayer: 0
  m_SortingOrder: 0
--- !u!23 &23507066909354318
MeshRenderer:
  m_ObjectHideFlags: 1
  m_PrefabParentObject: {fileID: 0}
  m_PrefabInternal: {fileID: 100100000}
  m_GameObject: {fileID: 1798454571011734}
  m_Enabled: 1
  m_CastShadows: 1
  m_ReceiveShadows: 1
  m_DynamicOccludee: 1
  m_MotionVectors: 1
  m_LightProbeUsage: 1
  m_ReflectionProbeUsage: 1
  m_Materials:
  - {fileID: 2100000, guid: e016a376ffcfa9445a2249b6e7833893, type: 2}
  m_StaticBatchInfo:
    firstSubMesh: 0
    subMeshCount: 0
  m_StaticBatchRoot: {fileID: 0}
  m_ProbeAnchor: {fileID: 0}
  m_LightProbeVolumeOverride: {fileID: 0}
  m_ScaleInLightmap: 1
  m_PreserveUVs: 0
  m_IgnoreNormalsForChartDetection: 0
  m_ImportantGI: 0
  m_StitchLightmapSeams: 0
  m_SelectedEditorRenderState: 3
  m_MinimumChartSize: 4
  m_AutoUVMaxDistance: 0.5
  m_AutoUVMaxAngle: 89
  m_LightmapParameters: {fileID: 0}
  m_SortingLayerID: 0
  m_SortingLayer: 0
  m_SortingOrder: 0
--- !u!33 &33159037846129130
MeshFilter:
  m_ObjectHideFlags: 1
  m_PrefabParentObject: {fileID: 0}
  m_PrefabInternal: {fileID: 100100000}
  m_GameObject: {fileID: 1622893316536200}
  m_Mesh: {fileID: 4300002, guid: 45ef89683a7ec864ca475e30366e678e, type: 3}
--- !u!33 &33430527270194188
MeshFilter:
  m_ObjectHideFlags: 1
  m_PrefabParentObject: {fileID: 0}
  m_PrefabInternal: {fileID: 100100000}
  m_GameObject: {fileID: 1345778321224222}
  m_Mesh: {fileID: 4300000, guid: 45ef89683a7ec864ca475e30366e678e, type: 3}
--- !u!33 &33543079356701320
MeshFilter:
  m_ObjectHideFlags: 1
  m_PrefabParentObject: {fileID: 0}
  m_PrefabInternal: {fileID: 100100000}
  m_GameObject: {fileID: 1761154510386596}
  m_Mesh: {fileID: 4300004, guid: 45ef89683a7ec864ca475e30366e678e, type: 3}
--- !u!33 &33723011179694956
MeshFilter:
  m_ObjectHideFlags: 1
  m_PrefabParentObject: {fileID: 0}
  m_PrefabInternal: {fileID: 100100000}
  m_GameObject: {fileID: 1391463314343312}
  m_Mesh: {fileID: 4300008, guid: 45ef89683a7ec864ca475e30366e678e, type: 3}
--- !u!33 &33809801575581284
MeshFilter:
  m_ObjectHideFlags: 1
  m_PrefabParentObject: {fileID: 0}
  m_PrefabInternal: {fileID: 100100000}
  m_GameObject: {fileID: 1798454571011734}
  m_Mesh: {fileID: 4300016, guid: 45ef89683a7ec864ca475e30366e678e, type: 3}
--- !u!54 &54501018355195824
Rigidbody:
  m_ObjectHideFlags: 1
  m_PrefabParentObject: {fileID: 0}
  m_PrefabInternal: {fileID: 100100000}
  m_GameObject: {fileID: 1131610304226184}
  serializedVersion: 2
  m_Mass: 1
  m_Drag: 0
  m_AngularDrag: 0.05
  m_UseGravity: 1
  m_IsKinematic: 1
  m_Interpolate: 0
  m_Constraints: 0
  m_CollisionDetection: 0
--- !u!65 &65274392560482766
BoxCollider:
  m_ObjectHideFlags: 1
  m_PrefabParentObject: {fileID: 0}
  m_PrefabInternal: {fileID: 100100000}
  m_GameObject: {fileID: 1860313589950924}
  m_Material: {fileID: 0}
  m_IsTrigger: 0
  m_Enabled: 1
  serializedVersion: 2
  m_Size: {x: 0.005686363, y: 0.017237425, z: 0.030458916}
  m_Center: {x: -2.3283064e-10, y: 0.0011404617, z: -0.014731273}
--- !u!65 &65369175833354966
BoxCollider:
  m_ObjectHideFlags: 1
  m_PrefabParentObject: {fileID: 0}
  m_PrefabInternal: {fileID: 100100000}
  m_GameObject: {fileID: 1658109289320048}
  m_Material: {fileID: 0}
  m_IsTrigger: 0
  m_Enabled: 1
  serializedVersion: 2
  m_Size: {x: 0.03822238, y: 0.09126954, z: 0.05301258}
  m_Center: {x: -0.000000009536743, y: -0.02487811, z: 0.24162468}
--- !u!65 &65413522570807442
BoxCollider:
  m_ObjectHideFlags: 1
  m_PrefabParentObject: {fileID: 0}
  m_PrefabInternal: {fileID: 100100000}
  m_GameObject: {fileID: 1419788129586124}
  m_Material: {fileID: 0}
  m_IsTrigger: 0
  m_Enabled: 1
  serializedVersion: 2
  m_Size: {x: 0.045133334, y: 0.0887329, z: 0.010848521}
  m_Center: {x: 0, y: 0, z: -0.000000004889447}
--- !u!65 &65557066213694392
BoxCollider:
  m_ObjectHideFlags: 1
  m_PrefabParentObject: {fileID: 0}
  m_PrefabInternal: {fileID: 100100000}
  m_GameObject: {fileID: 1285255288765636}
  m_Material: {fileID: 0}
  m_IsTrigger: 0
  m_Enabled: 1
  serializedVersion: 2
  m_Size: {x: 0.058299214, y: 0.17875195, z: 0.75393045}
  m_Center: {x: -0.000000008614734, y: 0.030695079, z: 0.047483806}
--- !u!65 &65897747371921706
BoxCollider:
  m_ObjectHideFlags: 1
  m_PrefabParentObject: {fileID: 0}
  m_PrefabInternal: {fileID: 100100000}
  m_GameObject: {fileID: 1424986378960834}
  m_Material: {fileID: 0}
  m_IsTrigger: 1
  m_Enabled: 1
  serializedVersion: 2
  m_Size: {x: 1, y: 1, z: 1}
  m_Center: {x: 0, y: 0, z: 0}
--- !u!111 &111741278887502796
Animation:
  m_ObjectHideFlags: 1
  m_PrefabParentObject: {fileID: 0}
  m_PrefabInternal: {fileID: 100100000}
  m_GameObject: {fileID: 1394748262402186}
  m_Enabled: 1
  serializedVersion: 3
  m_Animation: {fileID: 0}
  m_Animations:
  - {fileID: 7400000, guid: 260f85c575b1eb940b20a4b82be50fbb, type: 2}
  m_WrapMode: 0
  m_PlayAutomatically: 1
  m_AnimatePhysics: 0
  m_CullingType: 0
--- !u!114 &114524210252468716
MonoBehaviour:
  m_ObjectHideFlags: 1
  m_PrefabParentObject: {fileID: 0}
  m_PrefabInternal: {fileID: 100100000}
  m_GameObject: {fileID: 1419788129586124}
  m_Enabled: 1
  m_EditorHideFlags: 0
  m_Script: {fileID: 11500000, guid: cb3807654d24c1f44bc24787b648936d, type: 3}
  m_Name: 
  m_EditorClassIdentifier: 
  item: {fileID: 114726877073993652}
--- !u!114 &114525540195195710
MonoBehaviour:
  m_ObjectHideFlags: 1
  m_PrefabParentObject: {fileID: 0}
  m_PrefabInternal: {fileID: 100100000}
  m_GameObject: {fileID: 1875624042801972}
  m_Enabled: 1
  m_EditorHideFlags: 0
  m_Script: {fileID: 11500000, guid: bb03b77778e99dc4aad0131c0711eda3, type: 3}
  m_Name: 
  m_EditorClassIdentifier: 
  gunHandler: {fileID: 114726877073993652}
  defaultTriggerPosition: {x: -0.00023156055, y: 0.038106065, z: 0.04250306}
  defaultTriggerRotation: {x: 0.70710677, y: 0, z: 0, w: -0.70710677}
  pulledTriggerPosition: {x: -0.00023156055, y: 0.038106065, z: 0.04250306}
  pulledTriggerRotation: {x: 0.5282462, y: 0, z: 0, w: -0.84909123}
  resetToDefaultOnShoot: 0
  triggerPulled: 0
--- !u!114 &114574317951892314
MonoBehaviour:
  m_ObjectHideFlags: 1
  m_PrefabParentObject: {fileID: 0}
  m_PrefabInternal: {fileID: 100100000}
  m_GameObject: {fileID: 1424986378960834}
  m_Enabled: 1
  m_EditorHideFlags: 0
  m_Script: {fileID: 11500000, guid: 6a388c53678530c40a21f6a8e63a08b2, type: 3}
  m_Name: 
  m_EditorClassIdentifier: 
  gunHandler: {fileID: 114726877073993652}
  attachmentId: 0
  attachEvent:
    m_PersistentCalls:
      m_Calls: []
    m_TypeName: UnityEngine.Events.UnityEvent, UnityEngine.CoreModule, Version=0.0.0.0,
      Culture=neutral, PublicKeyToken=null
  detachEvent:
    m_PersistentCalls:
      m_Calls: []
    m_TypeName: UnityEngine.Events.UnityEvent, UnityEngine.CoreModule, Version=0.0.0.0,
      Culture=neutral, PublicKeyToken=null
--- !u!114 &114721394751496330
MonoBehaviour:
  m_ObjectHideFlags: 1
  m_PrefabParentObject: {fileID: 0}
  m_PrefabInternal: {fileID: 100100000}
  m_GameObject: {fileID: 1860313589950924}
  m_Enabled: 1
  m_EditorHideFlags: 0
  m_Script: {fileID: 11500000, guid: cb3807654d24c1f44bc24787b648936d, type: 3}
  m_Name: 
  m_EditorClassIdentifier: 
  item: {fileID: 114726877073993652}
--- !u!114 &114723644827673190
MonoBehaviour:
  m_ObjectHideFlags: 1
  m_PrefabParentObject: {fileID: 0}
  m_PrefabInternal: {fileID: 100100000}
  m_GameObject: {fileID: 1658109289320048}
  m_Enabled: 1
  m_EditorHideFlags: 0
  m_Script: {fileID: 11500000, guid: cb3807654d24c1f44bc24787b648936d, type: 3}
  m_Name: 
  m_EditorClassIdentifier: 
  item: {fileID: 114726877073993652}
--- !u!114 &114726877073993652
MonoBehaviour:
  m_ObjectHideFlags: 1
  m_PrefabParentObject: {fileID: 0}
  m_PrefabInternal: {fileID: 100100000}
  m_GameObject: {fileID: 1425609575326038}
  m_Enabled: 1
  m_EditorHideFlags: 0
  m_Script: {fileID: 11500000, guid: e463d2fbb8664294b9a3787425b4c0b8, type: 3}
  m_Name: 
  m_EditorClassIdentifier: 
  item: {fileID: 4633257296516404}
  hovers:
  - {fileID: 23338621263257948}
  - {fileID: 23335904866947586}
  - {fileID: 23507066909354318}
  - {fileID: 23489174193121598}
  - {fileID: 23427209364627478}
  triggerColliders: []
  leftHandIKAnchor: {fileID: 0}
  rightHandIKAnchor: {fileID: 0}
  leftHandIKPoseName: 
  rightHandIkPoseName: 
  parents: []
  itemId: 
  canBeHeld: 1
  interactionDisabled: 0
  holdType: 0
  useBreakDistance: 0
  breakDistance: 0.1
  linkedLeftAndRightHeldPositions: 1
  heldPosition: {x: 0, y: -0.0219, z: -0.0244}
  heldRotation: {x: 0.14233764, y: 0, z: 0, w: 0.98981816}
  heldPositionRightHand: {x: 0, y: 0, z: 0}
  heldRotationRightHand: {x: 0, y: 0, z: 0, w: 1}
  throwBoost: 1
  followForce: 1
  interactionDistance: 0.1
  limitAcceptedAction: 0
  acceptedActions: []
  hoverModes: 0000000000000000000000000000000000000000
  defaultShaders:
  - {fileID: 0}
  - {fileID: 0}
  - {fileID: 0}
  - {fileID: 0}
  - {fileID: 0}
  hoverShaders:
  - {fileID: 0}
  - {fileID: 0}
  - {fileID: 0}
  - {fileID: 0}
  - {fileID: 0}
  defaultMats:
  - {fileID: 0}
  - {fileID: 0}
  - {fileID: 0}
  - {fileID: 0}
  - {fileID: 0}
  hoverMats:
  - {fileID: 0}
  - {fileID: 0}
  - {fileID: 0}
  - {fileID: 0}
  - {fileID: 0}
  toggleToPickup: 1
  pickupEvent:
    m_PersistentCalls:
      m_Calls: []
    m_TypeName: UnityEngine.Events.UnityEvent, UnityEngine.CoreModule, Version=0.0.0.0,
      Culture=neutral, PublicKeyToken=null
  dropEvent:
    m_PersistentCalls:
      m_Calls: []
    m_TypeName: UnityEngine.Events.UnityEvent, UnityEngine.CoreModule, Version=0.0.0.0,
      Culture=neutral, PublicKeyToken=null
  enableHoverEvent:
    m_PersistentCalls:
      m_Calls: []
    m_TypeName: UnityEngine.Events.UnityEvent, UnityEngine.CoreModule, Version=0.0.0.0,
      Culture=neutral, PublicKeyToken=null
  disableHoverEvent:
    m_PersistentCalls:
      m_Calls: []
    m_TypeName: UnityEngine.Events.UnityEvent, UnityEngine.CoreModule, Version=0.0.0.0,
      Culture=neutral, PublicKeyToken=null
  audioSource: {fileID: 0}
  enterHover: {fileID: 0}
  exitHover: {fileID: 0}
  pickupSound: {fileID: 0}
  dropSound: {fileID: 0}
  forceGrabSound: {fileID: 0}
  hoverFoldout: 0
  triggersFoldout: 0
  soundsFoldout: 0
  ikFoldout: 0
  firingMode: 1
  shotMode: 0
  defaultPosition: {x: 0, y: 0, z: 0}
  defaultRotation: {x: 0, y: 0, z: 0, w: 1}
  bulletId: 0
  damage: 10
  bulletForce: 10
  shootLayers: []
  ignoreShootLayers: 0
  autoEjectEmptyMag: 0
  useChamberBullet: 1
  ejectCasingOnFire: 1
  ejectCasingOnSlidePull: 0
  ejectBulletOnSlidePull: 0
  requireMagToShoot: 0
  fireType: 0
  damageMethodName: Damage
  trigger: {fileID: 114525540195195710}
  slide: {fileID: 114888723996127684}
  bulletReceiver: {fileID: 0}
  secondHeld: {fileID: 114857121440680186}
  playOnFire: []
  playOnSuccessfulFire:
  - {fileID: 111741278887502796}
  attachmentId: 61
  attachmentPrefabs:
  - attachmentPrefab: {fileID: 1149911957059216, guid: 3d1c531e8033309459f044dcd8945abe,
      type: 2}
    attachmentReceiver: {fileID: 114574317951892314}
    startLoaded: 0
    isPrefab: 1
  bulletDecalPrefab: {fileID: 1000010966753624, guid: 8994e28340411c64bb17ec55b4620a6c,
    type: 2}
  spawnOnFire:
  - {fileID: 1000011950633266, guid: fd16f026e93064f46abf313307e9ecff, type: 2}
  loadedBulletPrefab: {fileID: 1404694252446490, guid: 0b03498627ff7364b8324b0814a82e29,
    type: 2}
  spentBulletPrefab: {fileID: 1365441662400940, guid: 4ecebf6a03d24b04cb252e5f53cb20f5,
    type: 2}
  laserPointerMat: {fileID: 0}
  tracerMat: {fileID: 0}
  physicalBullet: {fileID: 0}
  fireRate: 0.1
  bulletsPerShot: 6
  coneSize: 2.5
  recoilKick: 1
  angularRecoilKick: 0.25
  recoilRecovery: 1
  shootOrigin: {x: 0, y: 0.0683, z: 0.4073}
  shootDirection: {x: 0, y: 0.000000074505806, z: 1.6960001}
  loadedBulletPosition: {x: 0, y: 0.0723, z: 0.0101}
  loadedBulletRotation: {x: 0.70710677, y: 0, z: 0, w: -0.70710677}
  bulletEjectionDirection: {x: 2.526, y: 0, z: 0}
  bulletEjectionPush: 0.01
  firingOrigin: {x: 0, y: 0, z: 0}
  firingDirection: {x: 0, y: 0, z: 0}
  laserPointerOrigin: {x: 0, y: 0, z: 0}
  laserPointerEnabled: 0
  playOnFireCount: 0
  playOnSuccessfulFireCount: 1
  spawnOnFireCount: 1
  spawnOnFirePositions:
  - {x: 0, y: 0.0682, z: 0.4699}
  spawnOnFireRotations:
  - {x: 0, y: 1, z: 0, w: -0.00000004371139}
  laserPointerLineWidth: 0.01
  tracerLineWidth: 0.01
  fireSound: {fileID: 8300000, guid: ac43af80c49cc9845b1a5035b8be1cfe, type: 3}
  dryFireSound: {fileID: 8300000, guid: c60b0ba13dd5d0b4886ab7b7f3aa22a4, type: 3}
  slidePulled: {fileID: 8300000, guid: a1a7278987330ec42bbe91a2eca3a9e9, type: 3}
  slideRelease: {fileID: 8300000, guid: 3ec02e3dd24b2a744969a6acbf7eb84f, type: 3}
  loadMagazine: {fileID: 0}
  unloadMagazine: {fileID: 0}
--- !u!114 &114794996522002628
MonoBehaviour:
  m_ObjectHideFlags: 1
  m_PrefabParentObject: {fileID: 0}
  m_PrefabInternal: {fileID: 100100000}
  m_GameObject: {fileID: 1131610304226184}
  m_Enabled: 1
  m_EditorHideFlags: 0
  m_Script: {fileID: 11500000, guid: 54de535c42355564ca3a82bab25dc7b7, type: 3}
  m_Name: 
  m_EditorClassIdentifier: 
  gunHandler: {fileID: 114726877073993652}
--- !u!114 &114857121440680186
MonoBehaviour:
  m_ObjectHideFlags: 1
  m_PrefabParentObject: {fileID: 0}
  m_PrefabInternal: {fileID: 100100000}
  m_GameObject: {fileID: 1836105673655640}
  m_Enabled: 1
  m_EditorHideFlags: 0
  m_Script: {fileID: 11500000, guid: f77c9386b97899c4281c732ca442a223, type: 3}
  m_Name: 
  m_EditorClassIdentifier: 
  item: {fileID: 4633257296516404}
  hovers: []
  triggerColliders: []
  leftHandIKAnchor: {fileID: 0}
  rightHandIKAnchor: {fileID: 0}
  leftHandIKPoseName: 
  rightHandIkPoseName: 
  parents:
  - {fileID: 114726877073993652}
  itemId: 
  canBeHeld: 1
  interactionDisabled: 0
  holdType: 0
  useBreakDistance: 0
  breakDistance: 0.1
  linkedLeftAndRightHeldPositions: 1
  heldPosition: {x: 0, y: 0.088, z: -0.229}
  heldRotation: {x: 0, y: 0, z: 0, w: 1}
  heldPositionRightHand: {x: 0, y: 0, z: 0}
  heldRotationRightHand: {x: 0, y: 0, z: 0, w: 1}
  throwBoost: 1
  followForce: 1
  interactionDistance: 0.1
  limitAcceptedAction: 0
  acceptedActions: []
  hoverModes: 
  defaultShaders: []
  hoverShaders: []
  defaultMats: []
  hoverMats: []
  toggleToPickup: 0
  pickupEvent:
    m_PersistentCalls:
      m_Calls: []
    m_TypeName: UnityEngine.Events.UnityEvent, UnityEngine.CoreModule, Version=0.0.0.0,
      Culture=neutral, PublicKeyToken=null
  dropEvent:
    m_PersistentCalls:
      m_Calls: []
    m_TypeName: UnityEngine.Events.UnityEvent, UnityEngine.CoreModule, Version=0.0.0.0,
      Culture=neutral, PublicKeyToken=null
  enableHoverEvent:
    m_PersistentCalls:
      m_Calls: []
    m_TypeName: UnityEngine.Events.UnityEvent, UnityEngine.CoreModule, Version=0.0.0.0,
      Culture=neutral, PublicKeyToken=null
  disableHoverEvent:
    m_PersistentCalls:
      m_Calls: []
    m_TypeName: UnityEngine.Events.UnityEvent, UnityEngine.CoreModule, Version=0.0.0.0,
      Culture=neutral, PublicKeyToken=null
  audioSource: {fileID: 0}
  enterHover: {fileID: 0}
  exitHover: {fileID: 0}
  pickupSound: {fileID: 0}
  dropSound: {fileID: 0}
  forceGrabSound: {fileID: 0}
  hoverFoldout: 0
  triggersFoldout: 0
  soundsFoldout: 0
  ikFoldout: 0
  recoilKick: 1
  angularRecoilKick: 0.25
  recoilRecovery: 1
  gunHandler: {fileID: 0}
--- !u!114 &114888723996127684
MonoBehaviour:
  m_ObjectHideFlags: 1
  m_PrefabParentObject: {fileID: 0}
  m_PrefabInternal: {fileID: 100100000}
  m_GameObject: {fileID: 1602257175029408}
  m_Enabled: 1
  m_EditorHideFlags: 0
  m_Script: {fileID: 11500000, guid: 19684492c39bb6b4cba2fa21472cc8d6, type: 3}
  m_Name: 
  m_EditorClassIdentifier: 
  item: {fileID: 4534721473366384}
  hovers:
  - {fileID: 23427209364627478}
  triggerColliders: []
  leftHandIKAnchor: {fileID: 0}
  rightHandIKAnchor: {fileID: 0}
  leftHandIKPoseName: 
  rightHandIkPoseName: 
  parents:
  - {fileID: 114726877073993652}
  itemId: 
  canBeHeld: 0
  interactionDisabled: 0
  holdType: 0
  useBreakDistance: 0
  breakDistance: 0.1
  linkedLeftAndRightHeldPositions: 1
  heldPosition: {x: 0, y: 0, z: 0}
  heldRotation: {x: 0, y: 0, z: 0, w: 1}
  heldPositionRightHand: {x: 0, y: 0, z: 0}
  heldRotationRightHand: {x: 0, y: 0, z: 0, w: 1}
  throwBoost: 1
  followForce: 1
  interactionDistance: 0.1
  limitAcceptedAction: 0
  acceptedActions: []
  hoverModes: 00000000
  defaultShaders:
  - {fileID: 0}
  hoverShaders:
  - {fileID: 0}
  defaultMats:
  - {fileID: 0}
  hoverMats:
  - {fileID: 0}
  toggleToPickup: 0
  pickupEvent:
    m_PersistentCalls:
      m_Calls: []
    m_TypeName: UnityEngine.Events.UnityEvent, UnityEngine.CoreModule, Version=0.0.0.0,
      Culture=neutral, PublicKeyToken=null
  dropEvent:
    m_PersistentCalls:
      m_Calls: []
    m_TypeName: UnityEngine.Events.UnityEvent, UnityEngine.CoreModule, Version=0.0.0.0,
      Culture=neutral, PublicKeyToken=null
  enableHoverEvent:
    m_PersistentCalls:
      m_Calls: []
    m_TypeName: UnityEngine.Events.UnityEvent, UnityEngine.CoreModule, Version=0.0.0.0,
      Culture=neutral, PublicKeyToken=null
  disableHoverEvent:
    m_PersistentCalls:
      m_Calls: []
    m_TypeName: UnityEngine.Events.UnityEvent, UnityEngine.CoreModule, Version=0.0.0.0,
      Culture=neutral, PublicKeyToken=null
  audioSource: {fileID: 0}
  enterHover: {fileID: 0}
  exitHover: {fileID: 0}
  pickupSound: {fileID: 0}
  dropSound: {fileID: 0}
  forceGrabSound: {fileID: 0}
  hoverFoldout: 0
  triggersFoldout: 0
  soundsFoldout: 0
  ikFoldout: 0
  recoilKick: 1
  angularRecoilKick: 0.25
  recoilRecovery: 1
  gunHandler: {fileID: 114726877073993652}
  defaultPosition: {x: -0.012704914, y: 0.080269374, z: 0.0767313}
  pulledPosition: {x: -0.012704914, y: 0.080269374, z: 0.0326}
  useExtraPositions: 0
  extraPositions: []
  extraRotations: []
  defaultRotation: {x: 0.70710677, y: 0, z: 0, w: -0.70710677}
  pulledRotation: {x: 0.70710677, y: 0, z: 0, w: -0.70710677}
  useAsSecondHeld: 0
  animateSlide: 1
  slideAnimationTime: 0.2
  useScaleCalculation: 0
  slideSpring: 1
  lockSlideBack: 1
  onlyLockSlideWithMag: 0
  slidePulled: 0
--- !u!114 &114975987627736710
MonoBehaviour:
  m_ObjectHideFlags: 1
  m_PrefabParentObject: {fileID: 0}
  m_PrefabInternal: {fileID: 100100000}
  m_GameObject: {fileID: 1285255288765636}
  m_Enabled: 1
  m_EditorHideFlags: 0
  m_Script: {fileID: 11500000, guid: cb3807654d24c1f44bc24787b648936d, type: 3}
  m_Name: 
  m_EditorClassIdentifier: 
  item: {fileID: 114726877073993652}
