%YAML 1.1
%TAG !u! tag:unity3d.com,2011:
--- !u!1001 &100100000
Prefab:
  m_ObjectHideFlags: 1
  serializedVersion: 2
  m_Modification:
    m_TransformParent: {fileID: 0}
    m_Modifications: []
    m_RemovedComponents: []
  m_ParentPrefab: {fileID: 0}
  m_RootGameObject: {fileID: 1822188932209862}
  m_IsPrefabParent: 1
--- !u!1 &1822188932209862
GameObject:
  m_ObjectHideFlags: 0
  m_PrefabParentObject: {fileID: 0}
  m_PrefabInternal: {fileID: 100100000}
  serializedVersion: 5
  m_Component:
  - component: {fileID: 4957841372250240}
  - component: {fileID: 33287353538561974}
  - component: {fileID: 23373219125438620}
  - component: {fileID: 114012892397735856}
  - component: {fileID: 54121022675346976}
  - component: {fileID: 65661473476142814}
  - component: {fileID: 65383955321610160}
  m_Layer: 0
  m_Name: cal_308
  m_TagString: Untagged
  m_Icon: {fileID: 0}
  m_NavMeshLayer: 0
  m_StaticEditorFlags: 0
  m_IsActive: 1
--- !u!4 &4957841372250240
Transform:
  m_ObjectHideFlags: 1
  m_PrefabParentObject: {fileID: 0}
  m_PrefabInternal: {fileID: 100100000}
  m_GameObject: {fileID: 1822188932209862}
  m_LocalRotation: {x: 0.00000006657903, y: 0.00000023841858, z: -1.5873677e-14, w: 1}
  m_LocalPosition: {x: -0.6196883, y: 0.929, z: 0.6937846}
  m_LocalScale: {x: 1, y: 0.9999998, z: 0.9999998}
  m_Children: []
  m_Father: {fileID: 0}
  m_RootOrder: 0
  m_LocalEulerAnglesHint: {x: -2.111, y: 0, z: 0}
--- !u!23 &23373219125438620
MeshRenderer:
  m_ObjectHideFlags: 1
  m_PrefabParentObject: {fileID: 0}
  m_PrefabInternal: {fileID: 100100000}
  m_GameObject: {fileID: 1822188932209862}
  m_Enabled: 1
  m_CastShadows: 1
  m_ReceiveShadows: 1
  m_DynamicOccludee: 1
  m_MotionVectors: 1
  m_LightProbeUsage: 1
  m_ReflectionProbeUsage: 1
  m_Materials:
  - {fileID: 2100000, guid: 470533f867f4b8c4fb3973e49e5abde2, type: 2}
  m_StaticBatchInfo:
    firstSubMesh: 0
    subMeshCount: 0
  m_StaticBatchRoot: {fileID: 0}
  m_ProbeAnchor: {fileID: 0}
  m_LightProbeVolumeOverride: {fileID: 0}
  m_ScaleInLightmap: 1
  m_PreserveUVs: 0
  m_IgnoreNormalsForChartDetection: 0
  m_ImportantGI: 0
  m_StitchLightmapSeams: 0
  m_SelectedEditorRenderState: 3
  m_MinimumChartSize: 4
  m_AutoUVMaxDistance: 0.5
  m_AutoUVMaxAngle: 89
  m_LightmapParameters: {fileID: 0}
  m_SortingLayerID: 0
  m_SortingLayer: 0
  m_SortingOrder: 0
--- !u!33 &33287353538561974
MeshFilter:
  m_ObjectHideFlags: 1
  m_PrefabParentObject: {fileID: 0}
  m_PrefabInternal: {fileID: 100100000}
  m_GameObject: {fileID: 1822188932209862}
  m_Mesh: {fileID: 4300016, guid: 06a0769381b57eb47b2ea426b551e8c3, type: 3}
--- !u!54 &54121022675346976
Rigidbody:
  m_ObjectHideFlags: 1
  m_PrefabParentObject: {fileID: 0}
  m_PrefabInternal: {fileID: 100100000}
  m_GameObject: {fileID: 1822188932209862}
  serializedVersion: 2
  m_Mass: 1
  m_Drag: 0
  m_AngularDrag: 0.05
  m_UseGravity: 1
  m_IsKinematic: 0
  m_Interpolate: 0
  m_Constraints: 0
  m_CollisionDetection: 0
--- !u!65 &65383955321610160
BoxCollider:
  m_ObjectHideFlags: 1
  m_PrefabParentObject: {fileID: 0}
  m_PrefabInternal: {fileID: 100100000}
  m_GameObject: {fileID: 1822188932209862}
  m_Material: {fileID: 0}
  m_IsTrigger: 1
  m_Enabled: 1
  serializedVersion: 2
  m_Size: {x: 0.01417348, y: 0.014173479, z: 0.07080898}
  m_Center: {x: 0.000000014202669, y: -0.0000000088475645, z: 0.00000012293458}
--- !u!65 &65661473476142814
BoxCollider:
  m_ObjectHideFlags: 1
  m_PrefabParentObject: {fileID: 0}
  m_PrefabInternal: {fileID: 100100000}
  m_GameObject: {fileID: 1822188932209862}
  m_Material: {fileID: 0}
  m_IsTrigger: 0
  m_Enabled: 1
  serializedVersion: 2
  m_Size: {x: 0.01417348, y: 0.014173479, z: 0.07080898}
  m_Center: {x: 0.000000014202669, y: -0.0000000088475645, z: 0.00000012293458}
--- !u!114 &114012892397735856
MonoBehaviour:
  m_ObjectHideFlags: 1
  m_PrefabParentObject: {fileID: 0}
  m_PrefabInternal: {fileID: 100100000}
  m_GameObject: {fileID: 1822188932209862}
  m_Enabled: 1
  m_EditorHideFlags: 0
  m_Script: {fileID: 11500000, guid: 85f9b704e43f56741ad6c9033127ea18, type: 3}
  m_Name: 
  m_EditorClassIdentifier: 
  item: {fileID: 4957841372250240}
  hovers:
  - {fileID: 23373219125438620}
  triggerColliders: []
  leftHandIKAnchor: {fileID: 0}
  rightHandIKAnchor: {fileID: 0}
  leftHandIKPoseName: 
  rightHandIkPoseName: 
  parents: []
  canBeHeld: 1
  interactionDisabled: 0
  holdType: 0
  useBreakDistance: 0
  breakDistance: 0.1
  linkedLeftAndRightHeldPositions: 1
  heldPosition: {x: 0, y: 0.0123, z: 0.0179}
  heldRotation: {x: 0.018417422, y: 0.00000014962043, z: 0.00000022567198, w: -0.99983037}
  heldPositionRightHand: {x: 0, y: 0, z: 0}
  heldRotationRightHand: {x: 0, y: 0, z: 0, w: 1}
  throwBoost: 1
  followForce: 1
  interactionDistance: 0.1
  limitAcceptedAction: 0
  acceptedActions: []
  hoverModes: 00000000
  defaultShaders:
  - {fileID: 0}
  hoverShaders:
  - {fileID: 0}
  defaultMats:
  - {fileID: 0}
  hoverMats:
  - {fileID: 0}
  toggleToPickup: 0
  pickupEvent:
    m_PersistentCalls:
      m_Calls: []
    m_TypeName: UnityEngine.Events.UnityEvent, UnityEngine.CoreModule, Version=0.0.0.0,
      Culture=neutral, PublicKeyToken=null
  dropEvent:
    m_PersistentCalls:
      m_Calls: []
    m_TypeName: UnityEngine.Events.UnityEvent, UnityEngine.CoreModule, Version=0.0.0.0,
      Culture=neutral, PublicKeyToken=null
  audioSource: {fileID: 0}
  enterHover: {fileID: 0}
  exitHover: {fileID: 0}
  pickupSound: {fileID: 0}
  dropSound: {fileID: 0}
  forceGrabSound: {fileID: 0}
  hoverFoldout: 0
  triggersFoldout: 0
  soundsFoldout: 0
  ikFoldout: 0
  bulletId: 55
